@book{shenefelt:2013:ifathenb,
  title={If {A}, then {B}: {H}ow the world discovered logic},
  author={Shenefelt, M. and White, H.},
  year={2013},
  publisher={Columbia University Press}
}

@book{hacking:2001:introduction,
  title={An introduction to probability and inductive logic},
  author={Hacking, I.},
  year={2001},
  publisher={Cambridge university press}
}

@book{hacking:2016:logic,
  title={Logic of statistical inference},
  author={Hacking, I.},
  year={2016},
  publisher={Cambridge University Press}
}
