@article{donoho:1988:onesidednonparametric,
  title={One-sided inference about functionals of a density},
  author={Donoho, D.},
  journal={The Annals of Statistics},
  pages={1390--1420},
  year={1988},
  publisher={JSTOR}
}

@article{baber:2021:conformallimits,
  title={The limits of distribution-free conditional predictive inference},
  author={Barber, R. and Candes, E. and Ramdas, A. and Tibshirani, R.},
  journal={Information and Inference: {A} Journal of the IMA},
  volume={10},
  number={2},
  pages={455--482},
  year={2021},
  publisher={Oxford University Press}
}

@article{chernozhukov:2021:distributionalconformal,
  title={Distributional conformal prediction},
  author={Chernozhukov, V. and W{\"u}thrich, K. and Zhu, Y.},
  journal={Proceedings of the National Academy of Sciences},
  volume={118},
  number={48},
  year={2021},
  publisher={National Acad Sciences}
}


@article{lei:2018:lassoconformal,
  title={Distribution-free predictive inference for regression},
  author={Lei, J. and G’Sell, M. and Rinaldo, A. and Tibshirani, R. and Wasserman, L.},
  journal={Journal of the American Statistical Association},
  volume={113},
  number={523},
  pages={1094--1111},
  year={2018},
  publisher={Taylor \& Francis}
}

@article{romano:2019:conformalizedquantile,
  title={Conformalized quantile regression},
  author={Romano, Y. and Patterson, E. and Candes, E.},
  journal={Advances in neural information processing systems},
  volume={32},
  year={2019}
}


@article{kucukelbir:2017:advi,
  title={Automatic differentiation variational inference},
  author={Kucukelbir, A. and Tran, D. and Ranganath, R. and Gelman, A. and Blei, D},
  journal={Journal of machine learning research},
  year={2017}
}


@inproceedings{ranganath:2014:bbvi,
  title={Black box variational inference},
  author={Ranganath, R. and Gerrish, Se. and Blei, D.},
  booktitle={Artificial intelligence and statistics},
  pages={814--822},
  year={2014},
  organization={PMLR}
}


@article{dhaka:2020:robuststochasticvi,
  title={Robust, accurate stochastic optimization for variational inference},
  author={Dhaka, A. and Catalina, A. and Andersen, M. and Magnusson, M. and Huggins, J. and Vehtari, A.},
  journal={Advances in Neural Information Processing Systems},
  volume={33},
  pages={10961--10973},
  year={2020}
}

@article{mandt:2017:stochasticvi,
  title={Stochastic gradient descent as approximate bayesian inference},
  author={Mandt, S. and Hoffman, M. and Blei, D.},
  journal={arXiv preprint arXiv:1704.04289},
  year={2017}
}


@article{dhaka:2021:vifdivergencesandis,
  title={Challenges and Opportunities in High Dimensional Variational Inference},
  author={Dhaka, A. and Catalina, A. and Welandawe, M. and Andersen, M. and Huggins, J. and Vehtari, A.},
  journal={Advances in Neural Information Processing Systems},
  volume={34},
  pages={7787--7798},
  year={2021}
}

@article{vehtari:2015:psis,
  title={Pareto smoothed importance sampling},
  author={Vehtari, A. and Simpson, D. and Gelman, A. and Yao, Y. and Gabry, J.},
  journal={arXiv preprint arXiv:1507.02646},
  year={2015}
}


@article{welandawe:2022:robustbbvi,
  title={Robust, Automated, and Accurate Black-box Variational Inference},
  author={Welandawe, M. and Andersen, M. and Vehtari, A. and Huggins, J.},
  journal={arXiv preprint arXiv:2203.15945},
  year={2022}
}


@article{agrawal:2020:advancesinbbvi,
  title={Advances in black-box {VI}: {N}ormalizing flows, importance weighting, and optimization},
  author={Agrawal, A. and Sheldon, D. and Domke, J.},
  journal={Advances in Neural Information Processing Systems},
  volume={33},
  pages={17358--17369},
  year={2020}
}


@inproceedings{yao:2018:yesbutdidviwork,
  title={Yes, but did it work?: {E}valuating variational inference},
  author={Yao, Y. and Vehtari, A. and Simpson, D. and Gelman, A.},
  booktitle={International Conference on Machine Learning},
  pages={5581--5590},
  year={2018},
  organization={PMLR}
}


@article{shao:1989:generaljackknifevariance,
  title={A general theory for jackknife variance estimation},
  author={Shao, J. and Wu, J.},
  journal={The annals of Statistics},
  pages={1176--1197},
  year={1989},
  publisher={JSTOR}
}

@article{hinkley:1984:jackknifeconfidenceimprovement,
  title={Improvements of jackknife confidence limit methods},
  author={Hinkley, D. and Wei, B.},
  journal={Biometrika},
  volume={71},
  number={2},
  pages={331--339},
  year={1984},
  publisher={Oxford University Press}
}


@article{weaver:2005:mathematicalconceptualism,
  title={Mathematical conceptualism},
  author={Weaver, N.},
  journal={arXiv preprint math/0509246},
  year={2005}
}


@article{cook:2006:softwarevalidation,
  title={Validation of software for {B}ayesian models using posterior quantiles},
  author={Cook, S. and Gelman, A. and Rubin, D.},
  journal={Journal of Computational and Graphical Statistics},
  volume={15},
  number={3},
  pages={675--692},
  year={2006},
  publisher={Taylor \& Francis}
}


@article{mohamed:2020:mcgradients,
  title={{Monte} {Carlo} Gradient Estimation in Machine Learning.},
  author={Mohamed, S. and Rosca, M. and Figurnov, M. and Mnih, A.},
  journal={J. Mach. Learn. Res.},
  volume={21},
  number={132},
  pages={1--62},
  year={2020}
}

@article{fan:2015:secondorderstochasticbackprop,
  title={Fast second order stochastic backpropagation for variational inference},
  author={Fan, Kai and Wang, Ziteng and Beck, Jeff and Kwok, James and Heller, Katherine A},
  journal={Advances in Neural Information Processing Systems},
  volume={28},
  year={2015}
}


@article{arous:2021:onlinesgd,
  title={Online stochastic gradient descent on non-convex losses from high-dimensional inference.},
  author={Arous, G. and Gheissari, R. and Jagannath, A.},
  journal={J. Mach. Learn. Res.},
  volume={22},
  pages={106--1},
  year={2021}
}


@inproceedings{hardt:2016:sgdstability,
  title={Train faster, generalize better: Stability of stochastic gradient descent},
  author={Hardt, M. and Recht, B. and Singer, Y.},
  booktitle={International conference on machine learning},
  pages={1225--1234},
  year={2016},
  organization={PMLR}
}


@article{nemirovski:2009:sgdvsfixed,
  title={Robust stochastic approximation approach to stochastic programming},
  author={Nemirovski, A. and Juditsky, A. and Lan, G. and Shapiro, A.},
  journal={SIAM Journal on optimization},
  volume={19},
  number={4},
  pages={1574--1609},
  year={2009},
  publisher={SIAM}
}

@article{shapiro:2003:montecarlosampling,
  title={{Monte} {Carlo} sampling methods},
  author={Shapiro, A.},
  journal={Handbooks in operations research and management science},
  volume={10},
  pages={353--425},
  year={2003},
  publisher={Elsevier}
}


@article{pflug:1998:glivenko,
  title={On the {Glivenko-Cantelli} problem in stochastic programming: {Linear} recourse and extensions},
  author={Pflug, G. and Ruszczynski, A. and Schultz, R.},
  journal={Mathematics of Operations Research},
  volume={23},
  number={1},
  pages={204--220},
  year={1998},
  publisher={INFORMS}
}


@article{talagrand:1987:glivenko,
  title={The {Glivenko-Cantelli} problem},
  author={Talagrand, M.},
  journal={The Annals of Probability},
  pages={837--870},
  year={1987},
  publisher={JSTOR}
}


@article{kim:2015:guidetosaa,
  title={A guide to sample average approximation},
  author={Kim, S. and Pasupathy, R. and Henderson, S.},
  journal={Handbook of simulation optimization},
  pages={207--243},
  year={2015},
  publisher={Springer}
}


@article{pasupathy:2010:choosingparamsforretrospectiveapproximation,
  title={On choosing parameters in retrospective-approximation algorithms for stochastic root finding and simulation optimization},
  author={Pasupathy, R.},
  journal={Operations Research},
  volume={58},
  number={4-part-1},
  pages={889--901},
  year={2010},
  publisher={INFORMS}
}


@article{royset:2013:saasamplesize,
  title={On sample size control in sample average approximations for solving smooth stochastic programs},
  author={Royset, J.},
  journal={Computational Optimization and Applications},
  volume={55},
  number={2},
  pages={265--309},
  year={2013},
  publisher={Springer}
}

@article{royset:2013:optimalsaabudgetallocation,
  title={Optimal budget allocation for sample average approximation},
  author={Royset, J. and Szechtman, R.},
  journal={Operations Research},
  volume={61},
  number={3},
  pages={762--776},
  year={2013},
  publisher={INFORMS}
}


@article{huber:1983:notion,
  title={The notion of breakdown point},
  author={Huber, P. and Donoho, D.},
  journal={A Festschrift for Erich L. Lehmann},
  year={1983}
}


@incollection{huber:2011:robustbook,
  title={Robust statistics},
  author={Huber, P.},
  booktitle={International encyclopedia of statistical science},
  pages={1248--1251},
  year={2011},
  publisher={Springer}
}


@article{moitra:2022:exactamip,
  title={Provably Auditing Ordinary Least Squares in Low Dimensions},
  author={Moitra, A. and Rohatgi, D.},
  journal={arXiv preprint arXiv:2205.14284},
  year={2022}
}


@article{jeong:2022:distributionaluncertainty,
  title={Calibrated inference: Statistical inference that accounts for both sampling uncertainty and distributional uncertainty},
  author={Jeong, Y. and Rothenh{\"a}usler, D.},
  journal={arXiv preprint arXiv:2202.11886},
  year={2022}
}


@article{gupta:2021:distributionshifts,
  title={The $s$-value: Evaluating stability with respect to distributional shifts},
  author={Gupta, S. and Rothenh{\"a}usler, D.},
  journal={arXiv preprint arXiv:2105.03067},
  year={2021}
}


@article{lundberg:2017:shapley,
  title={A unified approach to interpreting model predictions},
  author={Lundberg, S. and Lee, S.},
  journal={Advances in neural information processing systems},
  volume={30},
  year={2017}
}

@inproceedings{ribeiro:2016:whyshoulditrust,
  title={``Why should i trust you?'' Explaining the predictions of any classifier},
  author={Ribeiro, M. and Singh, S. and Guestrin, C.},
  booktitle={Proceedings of the 22nd ACM SIGKDD international conference on knowledge discovery and data mining},
  pages={1135--1144},
  year={2016}
}

@article{campbell:2019:sparse,
  title={Sparse variational inference: {Bayesian} coresets from scratch},
  author={Campbell, T. and Beronov, B.},
  journal={Advances in Neural Information Processing Systems},
  volume={32},
  year={2019}
}

@article{efron:2014:estimationaftermodelselection,
  title={Estimation and accuracy after model selection},
  author={Efron, B.},
  journal={Journal of the American Statistical Association},
  volume={109},
  number={507},
  pages={991--1007},
  year={2014},
  publisher={Taylor \& Francis}
}

@article{bartlett:2006:empiricalminimization,
  title={Empirical minimization},
  author={Bartlett, P. and Mendelson, S.},
  journal={Probability theory and related fields},
  volume={135},
  number={3},
  pages={311--334},
  year={2006},
  publisher={Springer}
}


@article{wu:2018:deterministicvi,
  title={Deterministic variational inference for robust {Bayesian} neural networks},
  author={Wu, A. and Nowozin, S. and Meeds, E. and Turner, R. and Hernandez-Lobato, J. and Gaunt, A.},
  journal={arXiv preprint arXiv:1810.03958},
  year={2018}
}

@book{rubinstein:2016:simulation,
  title={Simulation and the {Monte Carlo} method},
  author={Rubinstein, R. and Kroese, D.},
  year={2016},
  publisher={John Wiley \& Sons}
}

@article{linderoth:2006:samplingmethods,
  title={The empirical behavior of sampling methods for stochastic programming},
  author={Linderoth, J. and Shapiro, A. and Wright, S.},
  journal={Annals of Operations Research},
  volume={142},
  number={1},
  pages={215--241},
  year={2006},
  publisher={Springer}
}


@article{royset:2013:optimalsaa,
  title={Optimal budget allocation for sample average approximation},
  author={Royset, J. and Szechtman, R.},
  journal={Operations Research},
  volume={61},
  number={3},
  pages={762--776},
  year={2013},
  publisher={INFORMS}
}



@article{royset:2013:samplesizecontrol,
  title={On sample size control in sample average approximations for solving smooth stochastic programs},
  author={Royset, J.},
  journal={Computational Optimization and Applications},
  volume={55},
  number={2},
  pages={265--309},
  year={2013},
  publisher={Springer}
}


@article{zhang:2021:pathfinder,
  title={Pathfinder: {Parallel} quasi-Newton variational inference},
  author={Zhang, L. and Carpenter, B. and Gelman, A. and Vehtari, A.},
  journal={arXiv preprint arXiv:2108.03782},
  year={2021}
}


@article{liu:2016:stein,
  title={Stein variational gradient descent: {A} general purpose bayesian inference algorithm},
  author={Liu, Q. and Wang, D.},
  journal={Advances in neural information processing systems},
  volume={29},
  year={2016}
}


@article{popper:1987:probabilistic,
  title={Why probabilistic support is not inductive},
  author={Popper, K. and Miller, D.},
  journal={Philosophical Transactions of the Royal Society of London. Series A, Mathematical and Physical Sciences},
  volume={321},
  number={1562},
  pages={569--591},
  year={1987},
  publisher={The Royal Society London}
}


@article{vehtari:2017:practicalbayesianloo,
  title={Practical {Bayesian} model evaluation using leave-one-out cross-validation and {WAIC}},
  author={Vehtari, A. and Gelman, A. and Gabry, J.},
  journal={Statistics and computing},
  volume={27},
  number={5},
  pages={1413--1432},
  year={2017},
  publisher={Springer}
}

@article{bates:2021:cv,
  title={Cross-validation: {What} does it estimate and how well does it do it?},
  author={Bates, S. and Hastie, T. and Tibshirani, R.},
  journal={arXiv preprint arXiv:2104.00673},
  year={2021}
}

@article{bayle:2020:cvconfidence,
  title={Cross-validation confidence intervals for test error},
  author={Bayle, P. and Bayle, A. and Janson, L. and Mackey, L.},
  journal={Advances in Neural Information Processing Systems},
  volume={33},
  pages={16339--16350},
  year={2020}
}

@article{austern:2020:asymptotics,
  title={Asymptotics of cross-validation},
  author={Austern, M. and Zhou, W.},
  journal={arXiv preprint arXiv:2001.11111},
  year={2020}
}

@article{delamotte:2004:hintrenormalization,
  title={A hint of renormalization},
  author={Delamotte, B.},
  journal={American Journal of Physics},
  volume={72},
  number={2},
  pages={170--184},
  year={2004},
  publisher={American Association of Physics Teachers}
}

@article{vehtari:2012:bayesianpredictivemodelassessment,
  title={A survey of Bayesian predictive methods for model assessment, selection and comparison},
  author={Vehtari, A. and Ojanen, J.},
  journal={Statistics Surveys},
  volume={6},
  pages={142--228},
  year={2012},
  publisher={Amer. Statist. Assoc., the Bernoulli Soc., the Inst. Math. Statist., and the~…}
}


@book{hume:1748:enquiry,
  title={An Enquiry Concerning Human Understanding},
  author={Hume, D.},
  year={1748},
  publisher={Renascence Editions},
  url={http://www.luminarium.org/renascence-editions/hume/hume.html}
}

@article{popper:1963:scienceasfalsification,
  title={Science as falsification},
  author={Popper, K.},
  journal={Conjectures and refutations},
  volume={1},
  number={1963},
  pages={33--39},
  year={1963},
  publisher={Routledge London}
}

@incollection{duhem:1976:physicaltheory,
  title={Physical theory and experiment},
  author={Duhem, P.},
  booktitle={Can Theories be Refuted?},
  pages={1--40},
  year={1976},
  publisher={Springer}
}

@article{merrill:1975:peirce,
  title={Peirce on probability and induction},
  author={Merrill, G.},
  journal={Transactions of the Charles S. Peirce Society},
  volume={11},
  number={2},
  pages={90--109},
  year={1975},
  publisher={JSTOR}
}

@article{koopman:1940:axioms,
  title={The axioms and algebra of intuitive probability},
  author={Koopman, B.},
  journal={Annals of mathematics},
  pages={269--292},
  year={1940},
  publisher={JSTOR}
}

@book{shenefelt:2013:ifathenb,
  title={If {A}, then {B}: {H}ow the world discovered logic},
  author={Shenefelt, M. and White, H.},
  year={2013},
  publisher={Columbia University Press}
}

@book{hacking:2001:introduction,
  title={An introduction to probability and inductive logic},
  author={Hacking, I.},
  year={2001},
  publisher={Cambridge university press}
}

@book{hacking:2016:logic,
  title={Logic of statistical inference},
  author={Hacking, I.},
  year={2016},
  publisher={Cambridge University Press}
}

@incollection{carnap:1966:aimofinductivelogic,
  title={The aim of inductive logic},
  author={Carnap, R.},
  booktitle={Studies in Logic and the Foundations of Mathematics},
  volume={44},
  pages={303--318},
  year={1966},
  publisher={Elsevier}
}

@article{eells:1988:allegedinductiveimpossibility,
  title={On the alleged impossibility of inductive probability},
  author={Eells, E.},
  journal={The British journal for the philosophy of science},
  volume={39},
  number={1},
  pages={111--116},
  year={1988},
  publisher={JSTOR}
}

@article{popper:1983:impossibilityinductiveprobability,
  title={A proof of the impossibility of inductive probability},
  author={Popper, K. and Miller, D.},
  journal={Nature},
  volume={302},
  number={5910},
  pages={687--688},
  year={1983},
  publisher={Nature Publishing Group}
}

@article{gillies:1986:defense,
  title={In defense of the {Popper-Miller} argument},
  author={Gillies, D.},
  journal={Philosophy of Science},
  volume={53},
  number={1},
  pages={110--113},
  year={1986},
  publisher={Cambridge University Press}
}

@article{redhead:1985:impossibility,
  title={On the impossibility of inductive probability},
  author={Redhead, M.},
  journal={The British Journal for the Philosophy of Science},
  volume={36},
  number={2},
  pages={185--191},
  year={1985},
  publisher={Oxford University Press}
}

@article{levi:1986:probabilisticpettifoggery,
  title={Probabilistic pettifoggery},
  author={Levi, I.},
  journal={Erkenntnis},
  pages={133--140},
  year={1986},
  publisher={JSTOR}
}

@article{good:1990:suspiciouspoppermiller,
  title={A suspicious feature of the Popper/Miller argument},
  author={Good, I.},
  journal={Philosophy of Science},
  volume={57},
  number={3},
  pages={535--536},
  year={1990},
  publisher={Cambridge University Press}
}

@incollection{lakatos:1976:falsification,
  title={Falsification and the methodology of scientific research programmes},
  author={Lakatos, I.},
  booktitle={Can theories be refuted?},
  pages={205--259},
  year={1976},
  publisher={Springer}
}


@article{elby:1994:contentious,
  title={Contentious contents: {For} inductive probability},
  author={Elby, A.},
  journal={The British journal for the philosophy of science},
  volume={45},
  number={1},
  pages={193--200},
  year={1994},
  publisher={Oxford University Press}
}



@article{levi:1984:impossibility,
  title={The impossibility of inductive probability},
  author={Levi, I. and Jeffrey, R.},
  journal={Nature},
  volume={310},
  number={5976},
  pages={433--433},
  year={1984},
  publisher={Springer}
}


@article{good:1984:impossibility,
  title={The impossibility of inductive probability},
  author={Good, I.},
  journal={Nature},
  volume={310},
  number={5976},
  pages={434--434},
  year={1984},
  publisher={Springer}
}


@article{good:1985:inductioninevitable,
  title={Probabilistic induction is inevitable},
  author={Good, I.},
  journal={Journal of Statistical Computation and Simulation},
  volume={20},
  number={4},
  pages={323--324},
  year={1985},
  publisher={Taylor \& Francis}
}


@article{rodriguez:1987:popper,
  title={On {Popper-Miller's} proof of the impossibility of inductive probability},
  author={Rodriguez, A.},
  journal={Erkenntnis},
  pages={353--357},
  year={1987},
  publisher={JSTOR}
}


@article{stefanski:2002:mestimation,
  title={The calculus of {M}-estimation},
  author={Stefanski, L. and Boos, D.},
  journal={The American Statistician},
  volume={56},
  number={1},
  pages={29--38},
  year={2002},
  publisher={Taylor \& Francis}
}


@article{neyman:1957:inductive,
  title={``Inductive Behavior'' as a Basic Concept of Philosophy of Science},
  author={Neyman, J.},
  journal={Revue de l'Institut International de Statistique},
  pages={7--22},
  year={1957},
  publisher={JSTOR}
}


@article{lehmann:1993:theoriesoftesting,
  title={The {Fisher}, {Neyman-Pearson} theories of testing hypotheses: {O}ne theory or two?},
  author={Lehmann, E.},
  journal={Journal of the American statistical Association},
  volume={88},
  number={424},
  pages={1242--1249},
  year={1993},
  publisher={Taylor \& Francis}
}

@article{kass:1990:posteriorexpansions,
  title={The Validity of Posterior Expansions Based on {L}aplace's Method},
  author={Kass, R. and Tierney, L. and Kadane, J.},
  journal={{B}ayesian and Likelihood Methods in Statistics and Econometrics},
  year={1990},
  publisher={Elsevier}
}

@article{newey:1991:uniformequicontinuity,
  title={Uniform convergence in probability and stochastic equicontinuity},
  author={Newey, W.},
  journal={Econometrica: Journal of the Econometric Society},
  pages={1161--1167},
  year={1991},
  publisher={JSTOR}
}


@article{franconeri:2021:visualcommunication,
  title={The science of visual data communication: {What} works},
  author={Franconeri, Steven L and Padilla, Lace M and Shah, Priti and Zacks, Jeffrey M and Hullman, Jessica},
  journal={Psychological Science in the public interest},
  volume={22},
  number={3},
  pages={110--161},
  year={2021},
  publisher={SAGE Publications Sage CA: Los Angeles, CA}
}


@article{robins:2000:conditioning,
  title={Conditioning, likelihood, and coherence: {A} review of some foundational concepts},
  author={Robins, J. and Wasserman, L.},
  journal={Journal of the American Statistical Association},
  volume={95},
  number={452},
  pages={1340--1346},
  year={2000},
  publisher={Taylor \& Francis}
}

@article{mises:1947:asymptotic,
  title={On the asymptotic distribution of differentiable statistical functions},
  author={Mises, R},
  journal={The annals of mathematical statistics},
  volume={18},
  number={3},
  pages={309--348},
  year={1947},
  publisher={JSTOR}
}



@phdthesis{reeds:1976:thesis,
  title={Ill (1976). On the definition of von {Mises} functionals},
  author={Reeds, J.},
  year={1976},
  school={Ph. D. Thesis, Statistics, Harvard University}
}



@book{serfling:1980:approximation,
  title={Approximation theorems of mathematical statistics},
  author={Serfling, R.},
  volume={162},
  year={1980},
  publisher={John Wiley \& Sons}
}


@article{gelman:2013:philosophy,
  title={Philosophy and the practice of {Bayesian} statistics},
  author={Gelman, A. and Shalizi, C.},
  journal={British Journal of Mathematical and Statistical Psychology},
  volume={66},
  number={1},
  pages={8--38},
  year={2013},
  publisher={Wiley Online Library}
}

@article{hesse:1970:transitivity,
  title={Theories and the transitivity of confirmation},
  author={Hesse, M.},
  journal={Philosophy of Science},
  volume={37},
  number={1},
  pages={50--63},
  year={1970},
  publisher={Cambridge University Press}
}


@article{hempel:1945:studies,
  title={Studies in the Logic of Confirmation},
  author={Hempel, C.},
  journal={Mind},
  volume={54},
  number={213},
  pages={1--26},
  year={1945},
  publisher={JSTOR}
}

@article{oakes:1985:self,
  title={Self-calibrating priors do not exist},
  author={Oakes, D.},
  journal={Journal of the American Statistical Association},
  volume={80},
  number={390},
  pages={339--339},
  year={1985},
  publisher={Taylor \& Francis}
}


@article{cain:1984:approximatecaseinfluence,
  title={Approximate case influence for the proportional hazards regression model with censored data},
  author={Cain, K. and Lange, N.},
  journal={Biometrics},
  pages={493--499},
  year={1984},
  publisher={JSTOR}
}


@book{belsley:2005:regressiondiagnostics,
  title={Regression diagnostics: {I}dentifying influential data and sources of collinearity},
  author={Belsley, D. and Kuh, E. and Welsch, R.},
  year={2005},
  publisher={John Wiley \& Sons}
}


@article{hattori:2009:ipcqcasedeletion,
  title={Approximate subject-deletion influence diagnostics for Inverse Probability of Censoring Weighted (IPCW) method},
  author={Hattori, S. and Kato, M.},
  journal={Statistics \& probability letters},
  volume={79},
  number={17},
  pages={1833--1838},
  year={2009},
  publisher={Elsevier}
}


@article{taylor:1993:unifiedapproachtoinfluentialdata,
  title={A unified approach to the derivation of influential data diagnostics},
  author={Taylor, L.},
  journal={Economic Modelling},
  volume={10},
  number={2},
  pages={113--126},
  year={1993},
  publisher={Elsevier}
}


@article{cook:1986:assessment,
  title={Assessment of local influence},
  author={Cook, R.},
  journal={Journal of the Royal Statistical Society: {S}eries B (Methodological)},
  volume={48},
  number={2},
  pages={133--155},
  year={1986},
  publisher={Wiley Online Library}
}


@article{huh:1990:local,
  title={A local influence approach to regression diagnostics with application to robust regression},
  author={Huh, M. and Park, S.},
  journal={Journal of the Korean Statistical Society},
  volume={19},
  number={2},
  pages={151--159},
  year={1990},
  publisher={The Korean Statistical Society}
}


@article{zuo:2001:breakdownpointmatching,
  title={Some quantitative relationships between two types of finite sample breakdown point},
  author={Zuo, Y.},
  journal={Statistics \& probability letters},
  volume={51},
  number={4},
  pages={369--375},
  year={2001},
  publisher={Elsevier}
}


@article{shi:2016:gmmcasedeletion,
  title={Case deletion diagnostics for GMM estimation},
  author={Shi, L. and Lu, J. and Zhao, J. and Chen, G.},
  journal={Computational Statistics \& Data Analysis},
  volume={95},
  pages={176--191},
  year={2016},
  publisher={Elsevier}
}


@article{carlin:1991:expectedutilityinfluence,
  title={An expected utility approach to influence diagnostics},
  author={Carlin, B. and Polson, N.},
  journal={Journal of the American Statistical Association},
  volume={86},
  number={416},
  pages={1013--1021},
  year={1991},
  publisher={Taylor \& Francis}
}


@article{kempthorne:1986:decision,
  title={Decision-theoretic measures of influence in regression},
  author={Kempthorne, P.},
  journal={Journal of the Royal Statistical Society: Series B (Methodological)},
  volume={48},
  number={3},
  pages={370--378},
  year={1986},
  publisher={Wiley Online Library}
}


@article{thomas:1989:assessing,
  title={Assessing influence on regression coefficients in generalized linear models},
  author={Thomas, W. and Cook, D.},
  journal={Biometrika},
  volume={76},
  number={4},
  pages={741--749},
  year={1989},
  publisher={Oxford University Press}
}


@book{belsley:1980:regression,
  title={Regression diagnostics: {I}dentifying influential data and sources of collinearity},
  author={Belsley, D. and Kuh, E. and Welsch, R.},
  year={1980},
  publisher={John Wiley \& Sons}
}

@article{stigler:2010:robustnesshistory,
  title={The changing history of robustness},
  author={Stigler, S.},
  journal={The American Statistician},
  volume={64},
  number={4},
  pages={277--281},
  year={2010},
  publisher={Taylor \& Francis}
}


@article{huber:1964:robustlocation,
 ISSN = {00034851},
 URL = {http://www.jstor.org/stable/2238020},
 author = {Peter J. Huber},
 journal = {The Annals of Mathematical Statistics},
 number = {1},
 pages = {73--101},
 publisher = {Institute of Mathematical Statistics},
 title = {Robust Estimation of a Location Parameter},
 urldate = {2023-01-27},
 volume = {35},
 year = {1964}
}


@techreport{jaeckel:1972:infinitesimal,
  title={The Infinitesimal Jackknife, Memorandum},
  author={L. Jaeckel},
  year={1972},
  institution={MM 72-1215-11, Bell Lab. Murray Hill, NJ}
}



@misc{vaart:1996:empiricalprocesses,
  title={Empirical processes and weak convergence},
  author={van der Vaart, A. and Wellner, J.},
  year={1996},
  publisher={Springer, New York}
}


@article{pregibon:1981:logistic,
  title={Logistic regression diagnostics},
  author={Pregibon, D.},
  journal={The annals of statistics},
  volume={9},
  number={4},
  pages={705--724},
  year={1981},
  publisher={Institute of Mathematical Statistics}
}


@misc{bae:2022:influencefunctionsanswerwhatquestion,
  doi = {10.48550/ARXIV.2209.05364},
  url = {https://arxiv.org/abs/2209.05364},
  author = {Bae, J. and Ng, N. and Lo, A. and Ghassemi, M. and Grosse, R.},
  keywords = {Machine Learning (cs.LG), Machine Learning (stat.ML), FOS: Computer and information sciences, FOS: Computer and information sciences},
  title = {If Influence Functions are the Answer, Then What is the Question?},
  publisher = {arXiv},
  year = {2022},
  copyright = {arXiv.org perpetual, non-exclusive license}
}


@article{deblasi:2013:gibbstypebnpprios,
  title={Are {Gibbs}-type priors the most natural generalization of the {Dirichlet} process?},
  author={De Blasi, P. and Favaro, S. and Lijoi, A. and Mena, R.and Pr{\"u}nster, I. and Ruggiero, M.},
  journal={IEEE transactions on pattern analysis and machine intelligence},
  volume={37},
  number={2},
  pages={212--229},
  year={2013},
  publisher={IEEE}
}


@book{ghosal:2017:bnpfundamentals,
  title={Fundamentals of nonparametric {Bayesian} inference},
  author={Ghosal, S. and Van der Vaart, A.},
  volume={44},
  year={2017},
  publisher={Cambridge University Press}
}


@article{cook:1977:detectionofinfluential,
  title={Detection of influential observation in linear regression},
  author={Cook, D.},
  journal={Technometrics},
  volume={19},
  number={1},
  pages={15--18},
  year={1977},
  publisher={Taylor \& Francis}
}


@article{box:1975:robustdesigns,
  title={Robust designs},
  author={Box, G. and Draper, N.},
  journal={Biometrika},
  volume={62},
  number={2},
  pages={347--352},
  year={1975},
  publisher={Oxford University Press}
}


@article{johnson:1983:predictiveinfluence,
  title={A predictive view of the detection and characterization of influential observations in regression analysis},
  author={Johnson, W. and Geisser, S.},
  journal={Journal of the American Statistical Association},
  volume={78},
  number={381},
  pages={137--144},
  year={1983},
  publisher={Taylor \& Francis}
}


@article{weiss:1996:approachtobayessensitivity,
  title={An approach to Bayesian sensitivity analysis},
  author={Weiss, R.},
  journal={Journal of the Royal Statistical Society: Series B (Methodological)},
  volume={58},
  number={4},
  pages={739--750},
  year={1996},
  publisher={Wiley Online Library}
}


@article{bradlow:1997:bayesiancaseinfluence,
  title={Case influence analysis in {Bayesian} inference},
  author={Bradlow, E. and Zaslavsky, A.},
  journal={Journal of Computational and Graphical Statistics},
  volume={6},
  number={3},
  pages={314--331},
  year={1997},
  publisher={Taylor \& Francis}
}


@article{maceachern:2000:importancelinkMCMC,
  title={Importance link function estimation for {Markov} chain {Monte Carlo} methods},
  author={MacEachern, S. and Peruggia, M.},
  journal={Journal of Computational and Graphical Statistics},
  volume={9},
  number={1},
  pages={99--121},
  year={2000},
  publisher={Taylor \& Francis}
}



@article{thomas:2018:reconcilingcurvatureandis,
  title={Reconciling curvature and importance sampling based procedures for summarizing case influence in {Bayesian} models},
  author={Thomas, Z. and MacEachern, S. and Peruggia, M.},
  journal={Journal of the American Statistical Association},
  volume={113},
  number={524},
  pages={1669--1683},
  year={2018},
  publisher={Taylor \& Francis}
}


@article{kass:1989:approximatebayesiansensitivity,
  title={Approximate methods for assessing influence and sensitivity in Bayesian analysis},
  author={Kass, R. and Tierney, L. and Kadane, J.},
  journal={Biometrika},
  volume={76},
  number={4},
  pages={663--674},
  year={1989},
  publisher={Oxford University Press}
}


@article{mcculloch:1989:localbayesianmodelinfluence,
  title={Local model influence},
  author={McCulloch, R.},
  journal={Journal of the American Statistical Association},
  volume={84},
  number={406},
  pages={473--478},
  year={1989},
  publisher={Taylor \& Francis}
}


@article{hampel:1974:influence,
  title={The influence curve and its role in robust estimation},
  author={Hampel, F.},
  journal={Journal of the American Statistical Association},
  volume={69},
  number={346},
  pages={383--393},
  year={1974},
  publisher={Taylor \& Francis}
}


@article{lyddon:2019:losslikelihoodbootstrap,
  title={General Bayesian updating and the loss-likelihood bootstrap},
  author={Lyddon, S. and Holmes, C. and Walker, S.},
  journal={Biometrika},
  volume={106},
  number={2},
  pages={465--478},
  year={2019},
  publisher={Oxford University Press}
}


@article{bissiri:2016:generalbayesianupdating,
  title={A general framework for updating belief distributions},
  author={Bissiri, P. and Holmes, C. and Walker, S.},
  journal={Journal of the royal statistical society. series b, statistical methodology},
  volume={78},
  number={5},
  pages={1103},
  year={2016},
  publisher={Wiley-Blackwell}
}


@article{lee:2014:bayesianinferencefunctions,
  title={Inference functions in high dimensional Bayesian inference},
  author={Lee, J. and MacEachern, S.},
  journal={Statistics and Its Interface},
  volume={7},
  number={4},
  pages={477--486},
  year={2014},
  publisher={International Press of Boston}
}



@article{lee:2014:localmasspreservingprior,
  title={Local-mass preserving prior distributions for nonparametric {Bayesian} models},
  author={Lee, J. and MacEachern, S. and Lu, Y. and Mills, G.},
  year={2014}
}


@article{lee:2019:unifiedbnpseriesrepresentation,
  title={A unified construction for series representations and finite approximations of completely random measures},
  author={Lee, J. and Miscouridou, X. and Caron, F.},
  journal={arXiv preprint arXiv:1905.10733},
  year={2019}
}


@article{mcauliffe:2006:nonparametriceb,
  title={Nonparametric empirical {Bayes} for the {Dirichlet} process mixture model},
  author={McAuliffe, J. and Blei, D. and Jordan, M.~I.},
  journal={Statistics and Computing},
  volume={16},
  pages={5--14},
  year={2006},
  publisher={Springer}
}


@article{jacobi:2018:automatedMCMCsensitivity,
  title={Automated sensitivity analysis for {Bayesian} inference via {Markov chain Monte Carlo}: {Applications} to {Gibbs} sampling},
  author={Jacobi, L. and Joshi, M. and Zhu, D.},
  journal={Available at SSRN 2984054},
  year={2018}
}


@misc{maclaurin:2016:autogradthesis,
author = {Maclaurin, D.},
language = {eng},
publisher = {Harvard University},
title = {Modeling, Inference and Optimization With Composable Differentiable Procedures},
year = {2016},
}


@article{gil:2021:stickbreakingesb,
  title={Stick-breaking processes with exchangeable length variables},
  author={Gil--Leyva, M. and Mena, R.},
  journal={Journal of the American Statistical Association},
  pages={1--14},
  year={2021},
  publisher={Taylor \& Francis}
}



@Book{		  zeidler:2013:nonlinearv1,
  title		= {Nonlinear Functional Analysis and its Applications: I:
		  {F}ixed-point Theorems},
  author	= {Zeidler, E.},
  year		= {1986},
  publisher	= {Springer-Verlag New York Inc.}
}


@book{shao:2012:jackknife,
  title={The jackknife and bootstrap},
  author={Shao, J. and Tu, D.},
  year={2012},
  publisher={Springer Science \& Business Media}
}


@inproceedings{koh:2017:blackboxinfluence,
    author = {P. Koh and P. Liang},
    title = {Understanding Black-box Predictions via Influence Functions},
    booktitle = {International Conference on Machine Learning (ICML)},
    year = {2017}
}


@inproceedings{giordano:2019:swiss,
  title={A {Swiss} army infinitesimal jackknife},
  author={Giordano, R. and Stephenson, W. and Liu, R. and Jordan, M.~I. and Broderick, T.},
  booktitle={The 22nd International Conference on Artificial Intelligence and Statistics},
  pages={1139--1147},
  year={2019},
  organization={PMLR}
}


@book{hampel:1986:robust,
  title={Robust statistics: {T}he approach based on influence functions},
  author={Hampel, F. and Ronchetti, E. and Rousseeuw, P. and Stahel, W.},
  year={1986},
  publisher={Wiley-Interscience; New York}
}


@article{giordano:2018:covariances,
  title={Covariances, robustness and variational bayes},
  author={Giordano, R. and Broderick, T. and Jordan, M.~I.},
  journal={Journal of machine learning research},
  volume={19},
  number={51},
  year={2018}
}


@article{vehtari:2015:psis,
  title={Pareto smoothed importance sampling},
  author={Vehtari, A. and Simpson, D. and Gelman, A. and Yao, Y. and Gabry, J.},
  journal={arXiv preprint arXiv:1507.02646},
  year={2015}
}


@article{gustafson:1996:localposterior,
  title={Local sensitivity of posterior expectations},
  author={Gustafson, P.},
  journal={The Annals of Statistics},
  volume={24},
  number={1},
  pages={174--195},
  year={1996},
  publisher={Institute of Mathematical Statistics}
}

@Inbook{basu:2000:robustnessbnp,
author="Basu, S.",
title="{B}ayesian Robustness and {B}ayesian Nonparametrics",
bookTitle="Robust {B}ayesian Analysis",
year="2000",
publisher="Springer New York",
address="New York, NY",
pages="223--240",
}


@article{fortini:2014:predictivedefinetti,
  title={Predictive Distribution (de Finetti's View)},
  author={Fortini, S. and Petrone, S.},
  journal={Wiley StatsRef: Statistics Reference Online},
  pages={1--9},
  year={2014},
  publisher={Wiley Online Library}
}


@article{griffin:2010:defaultpriorsfordensity,
  title={Default priors for density estimation with mixture models},
  author={Griffin, JE},
  journal={Bayesian Analysis},
  volume={5},
  number={1},
  pages={45--64},
  year={2010},
  publisher={Citeseer}
}

@incollection{chan:2019:sensitivevarforecasts,
  title={How sensitive are VAR forecasts to prior hyperparameters? {An} automated sensitivity analysis},
  author={Chan, J. and Jacobi, L. and Zhu, D.},
  booktitle={Topics in Identification, Limited Dependent Variables, Partial Observability, Experimentation, and Flexible Modeling: Part A},
  volume={40},
  pages={229--248},
  year={2019},
  publisher={Emerald Publishing Limited}
}


@article{fisher:2022:guaranteesforinfluence,
  title={Statistical and Computational Guarantees for Influence Diagnostics},
  doi = {10.48550/ARXIV.2212.04014},
  url = {https://arxiv.org/abs/2212.04014},
  author = {Fisher, J. and Liu, L. and Pillutla, K. and Choi, Y. and Harchaoui, Z.},
  title = {Statistical and Computational Guarantees for Influence Diagnostics},
  publisher = {arXiv},
  year = {2022},
  journal={arXiv preprint arXiv:2212.04014},
  copyright = {arXiv.org perpetual, non-exclusive license}
}

@book{fleming:2012:functionsofseveralvariables,
  title={Functions of several variables},
  author={Fleming, W.},
  year={2012},
  publisher={Springer Science \& Business Media}
}


@book{mcinerney:2013:differentialgeometry,
  title={First steps in differential geometry},
  author={McInerney, A.},
  year={2013},
  publisher={Springer}
}

@book{murray:1993:differentialgeometryandstatistics,
  title={Differential geometry and statistics},
  author={Murray, M. and Rice, J.},
  volume={48},
  year={1993},
  publisher={CRC Press}
}


@article{averbukh:1967:theory,
  title={The theory of differentiation in linear topological spaces},
  author={Averbukh, V. and Smolyanov, O.},
  journal={Russian Mathematical Surveys},
  volume={22},
  number={6},
  pages={201--258},
  year={1967}
}


@book{cook:1982:residualsandinfluenceinregression,
  title={Residuals and influence in regression},
  author={Cook, D. and Weisberg, S.},
  year={1982},
  publisher={New York: Chapman and Hall}
}

@book{krantz:2012:implicit,
  title={The implicit function theorem: {H}istory, theory, and applications},
  author={Krantz, S. and Parks, H.},
  year={2012},
  publisher={Springer Science \& Business Media}
}



@incollection{basu:1996:local,
  title={Local posterior robustness with parametric priors: {Maximum} and average sensitivity},
  author={Basu, S. and Jammalamadaka, S. Rao and Liu, W.},
  booktitle={Maximum Entropy and {Bayesian} Methods},
  pages={97--106},
  year={1996},
  publisher={Springer}
}


@article{ruggeri:1993:infinitesimalposteriorsensitivity,
  title={Infinitesimal sensitivity of posterior distributions},
  author={Ruggeri, F. and Wasserman, L.},
  journal={Canadian Journal of Statistics},
  volume={21},
  number={2},
  pages={195--203},
  year={1993},
  publisher={Wiley Online Library}
}


@book{billingsley:2008:probability,
  title={Probability and measure},
  author={Billingsley, P.},
  year={2008},
  publisher={John Wiley \& Sons}
}


@article{diaconis:1986:bayesconsistency,
  title={On the consistency of {Bayes} estimates},
  author={Diaconis, P. and Freedman, D.},
  journal={The Annals of Statistics},
  pages={1--26},
  year={1986},
  publisher={JSTOR}
}


@article{cook:1980:characterizationsofinfluence,
  title={Characterizations of an empirical influence function for detecting influential cases in regression},
  author={Cook, D. and Weisberg, S.},
  journal={Technometrics},
  volume={22},
  number={4},
  pages={495--508},
  year={1980},
  publisher={Taylor \& Francis}
}

@article{lee:2016:finitevbbfry,
  title={Finite-dimensional BFRY priors and variational Bayesian inference for power law models},
  author={Lee, J. and James, L. and Choi, S.},
  journal={Advances in Neural Information Processing Systems},
  volume={29},
  year={2016}
}


@article{lindgren:2013:stationarystochasticprocesses,
  title={Stationary stochastic processes},
  author={Lindgren, G. and Rootz{\'e}n, H. and Sandsten, M.},
  journal={Theory and Applications; Texts in Statistical Science Series; CRC Press: Boca Raton, FL, USA},
  pages={347},
  year={2013}
}


@book{maritz:2018:empiricalbayes,
  title={Empirical bayes methods},
  author={Maritz, J.},
  year={2018},
  publisher={Chapman and Hall/CRC}
}


@article{walker:2007:sampling,
  title={Sampling the {Dirichlet} mixture model with slices},
  author={Walker, S.},
  journal={Communications in Statistics --- Simulation and Computation},
  volume={36},
  number={1},
  pages={45--54},
  year={2007},
  publisher={Taylor \& Francis}
}

@article{antoniak:1974:mixtures,
  title={Mixtures of {Dirichlet} processes with applications to {Bayesian} nonparametric problems},
  author={Antoniak, C.},
  journal={The annals of statistics},
  pages={1152--1174},
  year={1974},
  publisher={JSTOR}
}



@article{hines:2022:demystifyinginfluence,
  title={Demystifying statistical learning based on efficient influence functions},
  author={Hines, O. and Dukes, O. and Diaz-Ordaz, K. and Vansteelandt, S.},
  journal={The American Statistician},
  volume={76},
  number={3},
  pages={292--304},
  year={2022},
  publisher={Taylor \& Francis}
}


@book{hadi:2009:sensitivityinregression,
  title={Sensitivity analysis in linear regression},
  author={Hadi, A. and Chatterjee, S.},
  year={2009},
  publisher={John Wiley \& Sons}
}

@book{vaart:2000:asymptoticstatistics,
  title={Asymptotic statistics},
  author={Van der Vaart, A.},
  volume={3},
  year={2000},
  publisher={Cambridge university press}
}


@book{hacking:2006:emergence,
  title={The emergence of probability: {A} philosophical study of early ideas about probability, induction and statistical inference},
  author={Hacking, I.},
  year={2006},
  publisher={Cambridge University Press}
}

@book{wardle:2006:ciceroondivination,
  title={Cicero on Divination. Book 1},
  author={Wardle, David},
  year={2006},
  publisher={OUP Oxford}
}

@article{broderick:2020:automatic,
  title={An Automatic Finite-Sample Robustness Metric: {When} Can Dropping a Little Data Make a Big Difference?},
  author={Broderick, T. and Giordano, R. and Meager, R.},
  journal={arXiv preprint arXiv:2011.14999},
  year={2020}
}


@misc{physionet,
  title={Physionet Website},
  author={physionet},
  url={https://physionet.org/},
  year={2023}
}


@article{angelopoulos:2021:gentleconformal,
 title={A gentle introduction to conformal prediction and distribution-free uncertainty quantification},
 author={Angelopoulos, A. and Bates, S.},
 journal={arXiv preprint arXiv:2107.07511},
 year={2021}
}

@article{purcell:1995:alea,
  title={Literate games: {Roman} urban society and the game of alea},
  author={Purcell, N.},
  journal={Past \& Present},
  number={147},
  pages={3--37},
  year={1995},
  publisher={JSTOR}
}


@book{wardle:2006:ciceroondivination,
  title={Cicero on Divination. Book 1},
  author={Wardle, D.},
  year={2006},
  publisher={OUP Oxford}
}

@book{wohl:2014:ancientgreekprobabilities,
  title={Probabilities, hypotheticals, and counterfactuals in ancient {Greek} thought},
  author={Wohl, V.},
  year={2014},
  publisher={Cambridge University Press}
}


@book{daston:1995:enlightenmentprobability,
  title={Classical probability in the {Enlightenment}},
  author={Daston, Lorraine},
  year={1995},
  publisher={Princeton University Press}
}


@article{xu:2022:mixflows,
  title = {{MixFlows}: {Principled} variational inference via mixed flows},
  author = {Xu, Z. and Chen, N. and Campbell, T.},
  year = {2022},
  title = {Ergodic variational flows},
  journal = {arXiv:2205.07475}
}

@inproceedings{rezende:2015:normalizingflows,
  title={Variational inference with normalizing flows},
  author={Rezende, D. and Mohamed, S.},
  booktitle={International conference on machine learning},
  pages={1530--1538},
  year={2015},
  organization={PMLR}
}

@article{salvatier:2016:pymc3,
  doi = {10.7717/peerj-cs.55},
  url = {https://doi.org/10.7717/peerj-cs.55},
  year  = {2016},
  month = {apr},
  publisher = {{PeerJ}},
  volume = {2},
  pages = {e55},
  author = {Salvatier, J. and Wiecki, T. and Fonnesbeck, C.},
  title = {Probabilistic programming in Python using {PyMC}3},
  journal = {{PeerJ} Computer Science}
}

@book{wright:1999:optimization,
  title={Numerical Optimization},
  author={Wright, S. and Nocedal, J.},
  journal={Springer Science},
  volume={35},
  number={67-68},
  pages={7},
  year={1999}
}

@article{hoffman:2013:stochasticvi,
  title={Stochastic variational inference},
  author={Hoffman, M. and Blei, D. and Wang, C. and Paisley, J.},
  journal={Journal of Machine Learning Research},
  year={2013}
}

@article{wycoff:2022:sparsebayesianlasso,
  title={Sparse Bayesian Lasso via a Variable-Coefficient $\ell_1$ Penalty},
  author={Wycoff, N. and Arab, A. and Donato, K. and Singh, L.},
  journal={arXiv preprint arXiv:2211.05089},
  year={2022}
}

@article{burroni:2023:saabbvi,
  title={Sample Average Approximation for {Black-Box} {VI}},
  author={Burroni, J. and Domke, J. and Sheldon, D.},
  journal={arXiv preprint arXiv:2304.06803},
  year={2023}
}

@article{giordano:2023:dadvi,
  title={Black Box Variational Inference with a Deterministic Objective: {Faster}, More Accurate, and Even More Black Box},
  author={Giordano, R. and Ingram, M. and Broderick, T.},
  journal={arXiv preprint arXiv:2304.05527},
  year={2023}
}

@article{ng:2013:pegasus,
  title={{PEGASUS}: {A} policy search method for large {MDPs} and {POMDPs}},
  author={Ng, A. and Jordan, M.~I.},
  journal={Proceedings of the Sixteenth conference on Uncertainty in artificial intelligence},
  year={2000}
}

@article{balandat:2020:botorch,
  title={{BoTorch}: A framework for efficient {Monte-Carlo} {Bayesian} optimization},
  author={Balandat, M. and Karrer, B. and Jiang, D. and Daulton, S. and Letham, B. and Wilson, A. and Bakshy, E.},
  journal={Advances in neural information processing systems},
  volume={33},
  pages={21524--21538},
  year={2020}
}

@book{mackay:2003:information,
  title={Information Theory, Inference, and Learning Algorithms},
  author={MacKay, D.},
  year={2003},
  publisher={Cambridge University Press}
}


@book{bishop:2006:pattern,
  title={Pattern recognition and machine learning},
  author={Bishop, C. and Nasrabadi, N.},
  volume={4},
  number={4},
  year={2006},
  publisher={Springer}
}


@incollection{turner:2011:two,
  title={Two problems with variational expectation maximisation for time-series models},
  author={Turner, R. and Sahani, M.},
  booktitle={{Bayesian} Time Series Models},
  editor={Barber, D. and Cemgil, A.~T. and Chiappa, S.},
  publisher={Cambridge University Press},
  year={2011}
}


@article{giordano:2023:bnp,
  title={Evaluating Sensitivity to the Stick-Breaking Prior in Bayesian Nonparametrics (with Discussion)},
  author={Giordano, R. and Liu, R. and Jordan, M.~I. and Broderick, T.},
  journal={Bayesian Analysis},
  volume={18},
  number={1},
  pages={287--366},
  year={2023},
  publisher={International Society for Bayesian Analysis}
}


@inproceedings{plummer:2021:transformationviguarantees,
  title={Statistical guarantees for transformation based models with applications to implicit variational inference},
  author={Plummer, S. and Zhou, S. and Bhattacharya, A. and Dunson, D. and Pati, D.},
  booktitle={International Conference on Artificial Intelligence and Statistics},
  pages={2449--2457},
  year={2021},
  organization={PMLR}
}


@inproceedings{guha:2021:variationalboostingguarantees,
  title={Statistical guarantees and algorithmic convergence issues of variational boosting},
  author={Guha, B. and Bhattacharya, A. and Pati, D.},
  booktitle={2021 IEEE 33rd International Conference on Tools with Artificial Intelligence (ICTAI)},
  pages={442--446},
  year={2021},
  organization={IEEE}
}


@inproceedings{pati:2018:optimalityofvb,
  title={On statistical optimality of variational Bayes},
  author={Pati, Debdeep and Bhattacharya, Anirban and Yang, Yun},
  booktitle={International Conference on Artificial Intelligence and Statistics},
  pages={1579--1588},
  year={2018},
  organization={PMLR}
}


@article{gibbs:2023:conditionalconformal,
  title={Conformal Prediction With Conditional Guarantees},
  author={Gibbs, I. and Cherian, J. and Cand{\`e}s, E.},
  journal={arXiv preprint arXiv:2305.12616},
  year={2023}
}


@article{bates:2021:distributionpredictionsets,
  title={Distribution-free, risk-controlling prediction sets},
  author={Bates, S. and Angelopoulos, A. and Lei, L. and Malik, J. and Jordan, M.~I.},
  journal={Journal of the ACM (JACM)},
  volume={68},
  number={6},
  pages={1--34},
  year={2021},
  publisher={ACM New York, NY}
}


@inproceedings{vovk:2012:conditionalconformal,
  title={Conditional validity of inductive conformal predictors},
  author={Vovk, V.},
  booktitle={Asian conference on machine learning},
  pages={475--490},
  year={2012},
  organization={PMLR}
}


@book{krishnamoorthy:2009:statisticaltoleranceregions,
  title={Statistical tolerance regions: {T}heory, applications, and computation},
  author={Krishnamoorthy, K. and Mathew, T.},
  year={2009},
  publisher={John Wiley \& Sons}
}

@article{gupta:2022:nestedconformal,
  title={Nested conformal prediction and quantile out-of-bag ensemble methods},
  author={Gupta, C. and Kuchibhotla, A. and Ramdas, A.},
  journal={Pattern Recognition},
  volume={127},
  pages={108496},
  year={2022},
  publisher={Elsevier}
}


@book{krishnamoorthy:2009:toleranceregions,
  author = {Krishnamoorthy, K.},
  address = {Hoboken, N.J},
  booktitle = {Statistical tolerance regions : {Theory}, applications, and computation},
  isbn = {9780470380260},
  keywords = {Zones de tolérance (Statistique)},
  language = {eng},
  lccn = {2008047069},
  publisher = {Wiley},
  series = {Wiley series in probability and statistics},
  title = {Statistical tolerance regions : theory, applications, and computation },
  year = {2009}
}

@article{hannig:2006:fiducial,
  title={Fiducial generalized confidence intervals},
  author={Hannig, J. and Iyer, H. and Patterson, P.},
  journal={Journal of the American Statistical Association},
  volume={101},
  number={473},
  pages={254--269},
  year={2006},
  publisher={Taylor \& Francis}
}
