@inproceedings{giordano:2015:lrvb,
  title={Linear response methods for accurate covariance estimates from mean field variational {B}ayes},
  author={\me{} and Broderick, T. and Jordan, M.~I.},
  booktitle={Advances in Neural Information Processing Systems},
  pages={1441--1449},
  year={2015},
  keywords={published}
}

@article{giordano:2016:robust,
  title={Fast robustness quantification with variational {Bayes}},
  author={\me{} and Broderick, T. and Meager, R. and Huggins, J. and Jordan, M.~I.},
  journal={arXiv preprint arXiv:1606.07153},
  year={2016},
  keywords={workshop}
}

@article{giordano:2017:covariances,
  author  = {\me{} and Broderick, T. and Jordan, M.~I.},
  title   = {Covariances, Robustness, and Variational {B}ayes},
  journal = {Journal of Machine Learning Research},
  year    = {2018},
  volume  = {19},
  number  = {51},
  pages   = {1-49},
  url     = {http://jmlr.org/papers/v19/17-670.html},
  keywords={published}
}


@article{winther:2015:mind,
  title={The mind, the lab, and the field: {T}hree kinds of populations in scientific practice},
  author={Winther, R. and \me{} and Edge, M. and Nielsen, R.},
  journal={Studies in History and Philosophy of Science Part C: Studies in History and Philosophy of Biological and Biomedical Sciences},
  volume={52},
  pages={12--21},
  year={2015},
  publisher={Elsevier},
  keywords={published}
}

@inproceedings{regier:2018:cataloging,
  title={Cataloging the Visible Universe through {Bayesian} Inference at Petascale},
  author={Regier, J. and Pamnany, K. and Fischer, K. and Noack, A. and Lam, M. and Revels, J. and Howard, S. and \me{} and Schlegel, D. and McAuliffe, J.},
  booktitle={2018 IEEE International Parallel and Distributed Processing Symposium (IPDPS)},
  pages={44--53},
  year={2018},
  organization={IEEE},
  keywords={published}
}


@inproceedings{giordano:2019:ij,
  title={A {S}wiss Army Infinitesimal Jackknife},
  author={\me{} and Stephenson, W. and Liu, R. and Jordan, M.~I. and Broderick, T.},
  booktitle={The 22nd International Conference on Artificial Intelligence and Statistics},
  pages={1139--1147},
  year={2019},
  keywords={published}
}



@inproceedings{berlinghieri:2023:gaussian,
  title = 	 {{G}aussian processes at the {Helm(holtz)}: {A} more fluid model for ocean currents},
  author =       {Berlinghieri, R. and Trippe, B. and Burt, D. and \me{} and Srinivasan, K. and \"{O}zg\"{o}kmen, T. and Xia, J. and Broderick, T.},
  booktitle = 	 {Proceedings of the 40th International Conference on Machine Learning},
  pages = 	 {2113--2163},
  year = 	 {2023},
  volume = 	 {202},
  series = 	 {Proceedings of Machine Learning Research},
  month = 	 {23--29 Jul},
  publisher =    {PMLR},
  url = 	 {https://proceedings.mlr.press/v202/berlinghieri23a.html},
  keywords={published}
}


@article{giordano:2023:bnp,
  title={Evaluating Sensitivity to the Stick-Breaking Prior in {Bayesian} Nonparametrics (with Discussion)},
  author={\me{} and Liu, R. and Jordan, M.~I. and Broderick, T.},
  journal={Bayesian Analysis},
  volume={18},
  number={1},
  pages={287--366},
  year={2023},
  publisher={International Society for Bayesian Analysis},
  keywords={published}
}

@article{giordano:2023:dadvi,
  title={Black Box Variational Inference with a Deterministic Objective: {Faster}, More Accurate, and Even More Black Box},
  author={\me{} and Ingram, M. and Broderick, T.},
  journal={arXiv preprint arXiv:2304.05527},
  year={2023},
  keywords={submitted}
}

@article{giordano:2023:bayesij,
  title={The Bayesian Infinitesimal Jackknife for Variance},
  author={\me{} and Broderick, T.},
  journal={arXiv preprint arXiv:2305.06466},
  year={2023},
  keywords={preprint}
}

@article{kasprzak:2022:bclt,
  title={How good is your {Gaussian} approximation of the posterior? {Finite}-sample computable error bounds for a variety of useful divergences},
  author={Kasprzak, M. and \me{} and Broderick, T.},
  journal={arXiv preprint arXiv:2209.14992},
  year={2022},
  keywords={submitted}
}