
@article{popper:1987:probabilistic,
  title={Why probabilistic support is not inductive},
  author={Popper, K. and Miller, D.},
  journal={Philosophical Transactions of the Royal Society of London. Series A, Mathematical and Physical Sciences},
  volume={321},
  number={1562},
  pages={569--591},
  year={1987},
  publisher={The Royal Society London}
}
