
@article{stephenson2021measuring,
  title={Measuring the sensitivity of {Gaussian} processes to kernel choice},
  author={Stephenson, W. and Ghosh, S. and Nguyen, T. and Yurochkin, M. and Deshpande, S. and Broderick, T.},
  journal={arXiv preprint arXiv:2106.06510},
  year={2021}
}

@inproceedings{wilson:2020:cv,
  title={Approximate cross-validation: Guarantees for model assessment and selection},
  author={Wilson, A. and Kasy, M. and Mackey, L.},
  booktitle={International Conference on Artificial Intelligence and Statistics},
  pages={4530--4540},
  year={2020},
  organization={PMLR}
}

@article{stefanski:2002:mestimation,
  title={The calculus of {M}-estimation},
  author={Stefanski, L. and Boos, D.},
  journal={The American Statistician},
  volume={56},
  number={1},
  pages={29--38},
  year={2002},
  publisher={Taylor \& Francis}
}


@inproceedings{huber1967sandwich,
  title={The Behavior of Maximum Likelihood Estimates Under Nonstandard Conditions},
  author={Huber, P.},
  booktitle={Proceedings of the Fifth Berkeley Symposium on Mathematical Statistics and Probability: Weather modification},
  volume={5},
  pages={221},
  year={1967},
  organization={Univ of California Press}
}


@Article{sandwich:2020:zeileis,
  title = {Various Versatile Variances: An Object-Oriented
    Implementation of Clustered Covariances in {R}},
  author = {Zeileis, A. and K\"oll, S. and Graham, N.},
  journal = {Journal of Statistical Software},
  year = {2020},
  volume = {95},
  number = {1},
  pages = {1--36},
  doi = {10.18637/jss.v095.i01},
}

@book{dudley:2018:real,
  title={Real analysis and probability},
  author={Dudley, R.},
  year={2018},
  publisher={CRC Press}
}


@book{trefethen:1997:numerical,
  title={Numerical linear algebra},
  author={Trefethen, L. and Bau, D.},
  volume={50},
  year={1997},
  publisher={Siam}
}


@article{blei2016variational,
  title={Variational inference: A review for statisticians},
  author={Blei, D. and Kucukelbir, A. and McAuliffe, J.~D.},
  year={2016},
  journal={arXiv preprint arXiv:1601.00670}
}

@article{kucukelbir2017advi,
  title={Automatic differentiation variational inference},
  author={Kucukelbir, A. and Tran, D. and Ranganath, R. and Gelman, A. and Blei, D.},
  journal={The Journal of Machine Learning Research},
  volume={18},
  number={1},
  pages={430--474},
  year={2017},
  publisher={JMLR.org}
}


@article{giordano2018covariances,
  title={Covariances, robustness and variational {B}ayes},
  author={Giordano, R. and Broderick, T. and Jordan, M.~I.},
  journal={The Journal of Machine Learning Research},
  volume={19},
  number={1},
  pages={1981--2029},
  year={2018},
  publisher={JMLR.org}
}

@article{carpenter2017stan,
  title={{S}tan: {A} probabilistic programming language},
  author={Carpenter, B. and Gelman, A. and Hoffman, M. and Lee, D. and Goodrich, B. and Betancourt, M. and Brubaker, M. and Guo, J. and Li, P. and Riddell, A.},
  journal={Journal of Statistical Software},
  volume={76},
  number={1},
  year={2017},
  publisher={Columbia Univ., New York, NY (United States); Harvard Univ., Cambridge, MA~â€¦}
}

@incollection{van1996weak,
  title={Weak convergence},
  author={Van Der Vaart, A. and Wellner, J.},
  booktitle={Weak convergence and empirical processes},
  pages={16--28},
  year={1996},
  publisher={Springer}
}

@book{krantz2012implicit,
  title={The implicit function theorem: {H}istory, theory, and applications},
  author={Krantz, S. and Parks, H.},
  year={2012},
  publisher={Springer Science \& Business Media}
}

@book{vaart2000asymptotic,
  title={Asymptotic statistics},
  author={Van der Vaart, A.},
  volume={3},
  year={2000},
  publisher={Cambridge University Press}
}

@book{bickel1993semiparametric,
  title={Efficient and adaptive estimation for semiparametric models},
  author={Bickel, P. and Klaassen, C. and Ritov, Y. and Wellner, J},
  volume={4},
  year={1993},
  publisher={Johns Hopkins University Press Baltimore}
}

@article{mises1947asymptotic,
  title={On the asymptotic distribution of differentiable statistical functions},
  author={Mises, R.},
  journal={The Annals of Mathematical Statistics},
  volume={18},
  number={3},
  pages={309--348},
  year={1947},
  publisher={JSTOR}
}

@phdthesis{reeds1976thesis,
  title={On the definition of von {Mises} functionals},
  author={Reeds, J.},
  year={1976},
  school={Statistics, Harvard University}
}


@book{hampel1986robustbook,
  title={Robust statistics: {T}he approach based on influence functions},
  author={Hampel, F.},
  volume={196},
  year={1986},
  publisher={Wiley-Interscience}
}


@article{hampel1974influence,
  title={The influence curve and its role in robust estimation},
  author={Hampel, F.},
  journal={Journal of the American Statistical Association},
  volume={69},
  number={346},
  pages={383--393},
  year={1974},
  publisher={Taylor \& Francis}
}

@article{andrews2017measuring,
  title={Measuring the sensitivity of parameter estimates to estimation moments},
  author={Andrews, I. and Gentzkow, M. and Shapiro, J.},
  journal={The Quarterly Journal of Economics},
  volume={132},
  number={4},
  pages={1553--1592},
  year={2017},
  publisher={Oxford University Press}
}

@article{chesher1987bias,
  title={The bias of a heteroskedasticity consistent covariance matrix estimator},
  author={Chesher, A. and Jewitt, I.},
  journal={Econometrica: Journal of the Econometric Society},
  pages={1217--1222},
  year={1987},
  publisher={JSTOR}
}

@misc{young2019consistency,
  author={Young, A.},
  title={Consistency without inference: {I}nstrumental variables in practical application},
  year={2019},
  howpublished={http://personal.lse.ac.uk/YoungA/CWOI.pdf},
  note={Accessed: 2020-11-27}
}

@article{chatterjee1986influential,
  title={Influential observations, high leverage points, and outliers in linear regression},
  author={Chatterjee, S. and Hadi, A.},
  journal={Statistical Science},
  volume={1},
  number={3},
  pages={379--393},
  year={1986},
  publisher={Institute of Mathematical Statistics}
}
@article{chesher1989hajek,
  title={{H}ajek inequalities, measures of leverage and the size of heteroskedasticity robust {W}ald tests},
  author={Chesher, A.},
  journal={Econometrica: Journal of the Econometric Society},
  pages={971--977},
  year={1989},
  publisher={JSTOR}
}

@article{huber1983minimax,
  title={Minimax aspects of bounded-influence regression},
  author={Huber, P.},
  journal={Journal of the American Statistical Association},
  volume={78},
  number={381},
  pages={66--72},
  year={1983},
  publisher={Taylor \& Francis}
}

@book{hansen2008robustness,
  title={Robustness},
  author={Hansen, L. and Sargent, T.},
  year={2008},
  publisher={Princeton University Press}
}

@article{kim2004more,
  title={On more robust estimation of skewness and kurtosis},
  author={Kim, T. and White, H.},
  journal={Finance Research Letters},
  volume={1},
  number={1},
  pages={56--73},
  year={2004},
  publisher={Elsevier}
}

@article{sobol2001global,
  title={Global sensitivity indices for nonlinear mathematical models and their {M}onte {C}arlo estimates},
  author={Sobol, I.},
  journal={Mathematics and Computers in Simulation},
  volume={55},
  number={1-3},
  pages={271--280},
  year={2001},
  publisher={Elsevier}
}

@article{masten2020inference,
  title={Inference on breakdown frontiers},
  author={Masten, M. and Poirier, A.},
  journal={Quantitative Economics},
  volume={11},
  number={1},
  pages={41--111},
  year={2020},
  publisher={Wiley Online Library}
}


@article{chen2011sensitivity,
  title={Sensitivity analysis in semiparametric likelihood models},
  author={Chen, X. and Tamer, E. and Torgovitsky, A.},
  year={2011},
  journal={Cowles Foundation discussion paper}
}

@article{horowitz1995identification,
  title={Identification and robustness with contaminated and corrupted data},
  author={Horowitz, J. and Manski, C.},
  journal={Econometrica: Journal of the Econometric Society},
  pages={281--302},
  year={1995},
  publisher={JSTOR}
}

@article{mahajan2006identification,
  title={Identification and estimation of regression models with misclassification},
  author={Mahajan, A.},
  journal={Econometrica},
  volume={74},
  number={3},
  pages={631--665},
  year={2006},
  publisher={Wiley Online Library}
}
@article{meager2020aggregating,
  title={Aggregating Distributional Treatment Effects: {A} {B}ayesian Hierarchical Analysis of the Microcredit Literature},
  author={Meager, R.},
  journal = {LSE working paper},
  year={2020}
}
@article{finkelstein2012oregon,
  title={The {O}regon health insurance experiment: {E}vidence from the first year},
  author={Finkelstein, A. and Taubman, S. and Wright, B. and Bernstein, M. and Gruber, J. and Newhouse, J. and Allen, H. and Baicker, K. and Oregon Health Study Group},
  journal={The Quarterly Journal of Economics},
  volume={127},
  number={3},
  pages={1057--1106},
  year={2012},
  publisher={MIT Press}
}
@article{he1990tail,
  title={Tail behavior of regression estimators and their breakdown points},
  author={He, X. and Jure{\v{c}}kov{\'a}, J. and Koenker, R. and Portnoy, S.},
  journal={Econometrica: Journal of the Econometric Society},
  pages={1195--1214},
  year={1990},
  publisher={JSTOR}
}
@article {huber1968robust,
  title = {Robust confidence limits},
  author = {Huber, P.},
  journal = {Journal for Probability Theory and Related Fields},
  volume = {10},
  number = {4},
  pages = {269-278},
  year = {1968},
  publisher = {Springer}
}
@article{leamer1985sensitivity,
  title={Sensitivity analyses would help},
  author={Leamer, E.},
  journal={The American Economic Review},
  volume={75},
  number={3},
  pages={308--313},
  year={1985},
  publisher={JSTOR}
}
@inproceedings{saltelli2004global,
  title={Global sensitivity analysis: {A}n introduction},
  author={Saltelli, A.},
  booktitle={Proc. 4th International Conference on Sensitivity Analysis of Model Output (SAMO '04)},
  pages={27--43},
  year={2004}
}
@article{leamer1984global,
  title={Global sensitivity results for generalized least squares estimates},
  author={Leamer, E.},
  journal={Journal of the American Statistical Association},
  volume={79},
  number={388},
  pages={867--870},
  year={1984},
  publisher={Taylor \& Francis Group}
}
@article{giordano2016fast,
  title={Fast robustness quantification with variational Bayes},
  author={Giordano, R. and Broderick, T. and Meager, R. and Huggins, J. and Jordan, M.~I.},
  journal={ICML Data 4 Good Workshop arXiv preprint arXiv:1606.07153},
  year={2016}
}

@article{giordano2015lrvbnips,
  title={Linear Response Methods for Accurate Covariance Estimates from Mean Field Variational {Bayes}},
  author={Giordano, R. and Broderick, T. and Jordan, M.~I.},
  journal={Advances in Neural Information Processing Systems},
  volume={28},
  pages={1441--1449},
  year={2015}
}

@article{giordano2021bnp,
      title={Evaluating Sensitivity to the Stick-Breaking Prior in {Bayesian} Nonparametrics},
      author={Giordano, R. and Liu, R.  and Jordan, M.~I. and Broderick, T.},
      year={2021},
      eprint={1810.06587},
      archivePrefix={arXiv},
      primaryClass={stat.ME}
}

@article{giordano2019higherorder,
    title={A Higher-Order {S}wiss Army Infinitesimal Jackknife},
    author={Giordano, R. and  Jordan, M.~I. and Broderick, T.},
    year={2019},
    journal={arXiv preprint arXiv:1907.12116}
}

@inproceedings{giordano2019swiss,
  title={A {Swiss} army infinitesimal jackknife},
  author={Giordano, R. and Stephenson, W. and Liu, R. and Jordan, M.~I. and Broderick, T.},
  booktitle={The 22nd International Conference on Artificial Intelligence and Statistics},
  pages={1139--1147},
  year={2019},
  organization={PMLR}
}

@article{rubin1974estimating,
  title={Estimating causal effects of treatments in randomized and nonrandomized studies.},
  author={Rubin, D.},
  journal={Journal of Educational Psychology},
  volume={66},
  number={5},
  pages={688},
  year={1974},
  publisher={American Psychological Association}
}


@book{huber1981robust,
title={Robust Statistics},
author={Huber, P.},
year={1981},
publisher={John Wiley \& Sons},
address={New York}
}
@article{crepon2015estimating,
  title={Estimating the impact of microcredit on those who take it up: {E}vidence from a randomized experiment in {M}orocco},
  author={Cr{\'e}pon, B. and Devoto, F. and Duflo, E. and Parient{\'e}, W.},
  journal={American Economic Journal: Applied Economics},
  volume={7},
  number={1},
  pages={123--50},
  year={2015}
}
@article{tarozzi2015impacts,
  title={The impacts of microcredit: {E}vidence from {E}thiopia},
  author={Tarozzi, A. and Desai, J. and Johnson, K.},
  journal={American Economic Journal: Applied Economics},
  volume={7},
  number={1},
  pages={54--89},
  year={2015}
}
@article{karlan2011microcredit,
  title={Microcredit in theory and practice: {U}sing randomized credit scoring for impact evaluation},
  author={Karlan, D. and Zinman, J.},
  journal={Science},
  volume={332},
  number={6035},
  pages={1278--1284},
  year={2011},
  publisher={American Association for the Advancement of Science}
}
@article{banerjee2015miracle,
  title={The miracle of microfinance? {E}vidence from a randomized evaluation},
  author={Banerjee, A. and Duflo, E. and Glennerster, R. and Kinnan, C.},
  journal={American Economic Journal: Applied Economics},
  volume={7},
  number={1},
  pages={22--53},
  year={2015}
}
@article{angelucci2015microcredit,
  title={Microcredit impacts: {E}vidence from a randomized microcredit program placement experiment by {C}ompartamos {B}anco},
  author={Angelucci, M. and Karlan, D. and Zinman, J.},
  journal={American Economic Journal: Applied Economics},
  volume={7},
  number={1},
  pages={151--82},
  year={2015}
}
@article{augsburg2015impacts,
  title={The impacts of microcredit: {E}vidence from {B}osnia and {H}erzegovina},
  author={Augsburg, B. and De Haas, R. and Harmgart, H. and Meghir, C.},
  journal={American Economic Journal: Applied Economics},
  volume={7},
  number={1},
  pages={183--203},
  year={2015}
}
@article{attanasio2015impacts,
  title={The impacts of microfinance: {E}vidence from joint-liability lending in {M}ongolia},
  author={Attanasio, O. and Augsburg, B. and De Haas, R. and Fitzsimons, E. and Harmgart, H.},
  journal={American Economic Journal: Applied Economics},
  volume={7},
  number={1},
  pages={90--122},
  year={2015}
}
@book{mostellertukeydata,
title={Data Analysis and Regression: {A} Second Course In Statistics},
author={Mosteller, F. and Tukey, J.},
year={1977},
publisher={Pearson},
address={USA}
}

@incollection{gustafson2000local,
  title={Local robustness in {B}ayesian analysis},
  author={Gustafson, P.},
  booktitle={Robust {B}ayesian Analysis},
  pages={71--88},
  year={2000},
  publisher={Springer}
}

@article{koenker1978regression,
  title={Regression quantiles},
  author={Koenker, R. and Bassett Jr, G.},
  journal={Econometrica: journal of the Econometric Society},
  pages={33--50},
  year={1978},
  publisher={JSTOR}
}
@article{meager2019understanding,
  title={Understanding the average impact of microcredit expansions: {A} {B}ayesian hierarchical analysis of seven randomized experiments},
  author={Meager, R.},
  journal={American Economic Journal: Applied Economics},
  volume={11},
  number={1},
  pages={57--91},
  year={2019}
}
@article{angelucci2009indirect,
  title={Indirect effects of an aid program: {H}ow do cash transfers affect ineligibles' consumption?},
  author={Angelucci, M. and De Giorgi, G.},
  journal={American Economic Review},
  volume={99},
  number={1},
  pages={486--508},
  year={2009}
}


@inproceedings{maclaurin2015autograd,
  title={Autograd: {E}ffortless gradients in numpy},
  author={Maclaurin, D. and Duvenaud, D. and Adams, R.},
  booktitle={ICML 2015 AutoML Workshop},
  volume={238},
  year={2015}
}

@article{baydin2017automatic,
  title={Automatic differentiation in machine learning: {A} survey},
  author={Baydin, A. and Pearlmutter, B. and Radul, A. and Siskind, J.},
  journal={The Journal of Machine Learning Research},
  volume={18},
  number={1},
  pages={5595--5637},
  year={2017},
  publisher={JMLR. org}
}
