

@article{wasserstein:2019:beyondp,
author = {Ronald L. Wasserstein and Allen L. Schirm and Nicole A. Lazar},
title = {Moving to a World Beyond ``$p < 0.05$''},
journal = {The American Statistician},
volume = {73},
number = {sup1},
pages = {1-19},
year  = {2019},
publisher = {Taylor & Francis},
doi = {10.1080/00031305.2019.1583913},
URL = {
        https://doi.org/10.1080/00031305.2019.1583913

},
eprint = {
        https://doi.org/10.1080/00031305.2019.1583913
}
}
