@misc{blueroseresearch:2024,
author = {{Blue Rose Research}},
title = {{2024 Election Retrospective Presentation}},
howpublished = {\url{https://data.blueroseresearch.org/2024retro-download}},
year = {2024},
note = {Accessed on 2024-10-26}
}

@misc{datademocracyblog:2025,
  author = {Bonica, A. and Fordham, R. and Grumbach, J. and  Tiburcio, E.},
  title = {Did Non-Voters Really Flip {Republican} in 2024? {The} Evidence Says No.},
  year = {2025},
  month = {April},
  day = {10},
  howpublished = {\url{https://data4democracy.substack.com/p/did-non-voters-really-flip-republican}}
}

@misc{cces_website,
  author = {{Harvard University}},
  title = {Cooperative Election Study},
  url = {https://cces.gov.harvard.edu/},
  note = {Accessed on September 4, 2025}
}


@article{giordano:2018:covariances,
  title={Covariances, robustness and variational bayes},
  author={\textbf{G.} and Broderick, T. and Jordan, M.~I.},
  journal={Journal of machine learning research},
  volume={19},
  number={51},
  year={2018}
}


@article{brms,
    title = {{brms}: An {R} Package for {Bayesian} Multilevel Models
      Using {Stan}},
    author = {Paul-Christian BÃ¼rkner},
    journal = {Journal of Statistical Software},
    year = {2017},
    volume = {80},
    number = {1},
    pages = {1--28},
    doi = {10.18637/jss.v080.i01},
    encoding = {UTF-8},
  }


  @misc{giordano:2024:bayesij,
      title={The {Bayesian} Infinitesimal Jackknife for Variance},
      author={\textbf{G.} and Broderick, T.},
      year={2024},
      eprint={2305.06466},
      archivePrefix={arXiv},
      primaryClass={stat.ME},
      url={https://arxiv.org/abs/2305.06466},
}

@misc{kasprzak:2025:laplace,
      title={How good is your {Laplace} approximation of the Bayesian posterior? {Finite}-sample computable error bounds for a variety of useful divergences},
      author={Kasprzak, M. and \textbf{G.} and Broderick, T.},
      year={2025},
      eprint={2209.14992},
      archivePrefix={arXiv},
      primaryClass={math.ST},
      url={https://arxiv.org/abs/2209.14992},
}

@article{solon:2015:weightingfor,
  title={What are we weighting for?},
  author={Solon, G. and Haider, S. and Wooldridge, J.},
  journal={Journal of Human resources},
  volume={50},
  number={2},
  pages={301--316},
  year={2015},
  publisher={University of Wisconsin Press}
}


@book{alexander:2023:telling,
  title={Telling Stories with Data: {With} Applications in R},
  author={Alexander, R.},
  year={2023},
  publisher={Chapman and Hall/CRC}
}


@article{tausanovitch:2019:democracy,
  title={Democracy fund {UCLA} nationscape methodology and representativeness assessment},
  author={Tausanovitch, C. and Vavreck, L. and Reny, T. and Hayes, A. and Rudkin, A.},
  journal={Democracy Fund Voter Study Group},
  year={2019}
}

@misc{ipumsusa,
  title={{IPUMS USA}: {Version 15.0} [dataset]},
  author={Ruggles, S. and Flood, S. and Sobek, M. and Backman, D. and Chen, A. and Cooper, G. and Richards, S. and Rodgers, R. and Megan S.},
  year={2024},
  doi={10.18128/D010.V15.0},
  url={https://usa.ipums.org}
}


@misc{alexander:2019:namechange,
  title={Analyzing name changes after marriage using a non-representative survey},
  author={Alexander, M.},
  year={2019},
  url={https://www.monicaalexander.com/posts/2019-08-07-mrp/}
}

@misc{cohen:2019:namechange,
  title={Marital Name Change Survey},
  url={osf.io/uzqdn},
  DOI={10.17605/OSF.IO/UZQDN},
  publisher={OSF},
  author={Cohen, P.},
  year={2019},
  month={Apr}
}


@article{gelman:2007:strugglesrejoinder,
  title={{Rejoinder:} {Struggles} with survey weighting and regression modelling},
  author={Gelman, A.},
  journal={Statistical Science},
  volume={22},
  number={2},
  pages={184--188},
  year={2007}
}

@article{gelman:2007:struggles,
  title={Struggles with survey weighting and regression modeling},
  author={Gelman, A.},
  year={2007}
}

@misc{benmichael:2021:multilevel,
      title={Multilevel calibration weighting for survey data},
      author={Eli B. and Avi F. and Erin H.},
      year={2021},
      eprint={2102.09052},
      archivePrefix={arXiv},
      primaryClass={stat.ME}
}

@article{chattopadhyay:2023:implied,
  title={On the implied weights of linear regression for causal inference},
  author={Chattopadhyay, A. and Zubizarreta, J.},
  journal={Biometrika},
  volume={110},
  number={3},
  pages={615--629},
  year={2023},
  publisher={Oxford University Press}
}

@book{krantz:2012:implicit,
  title={The Implicit Function Theorem: History, Theory, and Applications},
  author={Krantz, S. and Parks, H.},
  year={2012},
  publisher={Springer Science \& Business Media}
}

@inproceedings{giordano:2019:swiss,
  title={A swiss army infinitesimal jackknife},
  author={\textbf{G.} and Stephenson, W. and Liu, R. and Jordan, M.~I. and Broderick, T.},
  booktitle={The 22nd International Conference on Artificial Intelligence and Statistics},
  pages={1139--1147},
  year={2019},
  organization={PMLR}
}

@article{gustafson:1996:localposterior,
  title={Local sensitivity of posterior expectations},
  author={Gustafson, P.},
  journal={The Annals of Statistics},
  volume={24},
  number={1},
  pages={174--195},
  year={1996},
  publisher={Institute of Mathematical Statistics}
}


@article{lax:2009:gay,
  title={Gay rights in the states: {Public} opinion and policy responsiveness},
  author={Lax, J. and Phillips, J.},
  journal={American Political Science Review},
  volume={103},
  number={3},
  pages={367--386},
  year={2009},
  publisher={Cambridge University Press}
}

@article{kastellec:2010:laxmrp,
  title={Estimating state public opinion with multi-level regression and poststratification using {R}},
  author={Kastellec, J. and Lax, J. and Phillips, J.},
  journal={Unpublished manuscript, Princeton University},
  volume={29},
  number={3},
  year={2010}
}

@article{efron:2015:frequentist,
  title={Frequentist accuracy of {Bayesian} estimates},
  author={Efron, B.},
  journal={Journal of the Royal Statistical Society Series B: Statistical Methodology},
  volume={77},
  number={3},
  pages={617--646},
  year={2015},
  publisher={Oxford University Press}
}


@article{diaconis:1986:bayesconsistency,
  title={On the consistency of {Bayes} estimates},
  author={Diaconis, P. and Freedman, D.},
  journal={The Annals of Statistics},
  pages={1--26},
  year={1986},
  publisher={JSTOR}
}


@article{deville:1993:generalizedraking,
  title={Generalized raking procedures in survey sampling},
  author={Deville, J. and S{\"a}rndal, C. and Sautory, O.},
  journal={Journal of the American statistical Association},
  volume={88},
  number={423},
  pages={1013--1020},
  year={1993},
  publisher={Taylor \& Francis}
}

@book{fuller:2011:sampling,
  title={Sampling statistics},
  author={Fuller, W.},
  year={2011},
  publisher={John Wiley \& Sons}
}

  @Misc{lumley:2025:survey,
    author = {Lumley, T.},
    year = {2024},
    title = {{survey}: Analysis of complex survey samples},
    note = {R package version 4.4},
  }