%
% Lab reports

@techreport{baker:2019:workshop,
  title={Workshop report on basic research needs for scientific machine learning: {C}ore technologies for artificial intelligence},
  author={Baker, N. and Alexander, F. and Bremer, T. and Hagberg, A. and
          Kevrekidis, Y. and Najm, H. and Parashar, M. and Patra, A. and
          Sethian, J. and Wild, S. and Wilcox, K. and Lee, S.},
  year={2019},
  institution={USDOE Office of Science (SC), Washington, DC (United States)}
}



@techreport{committee:2020:report,
  title={{US Department of Energy} {Advanced Scientific Computing Advisory Committee (ASCAC)} {Subcommittee} on {AI/ML} {Data-intensive Science and High-Performance Computing}, {Final} Draft of Report to the Committee},
  author={ASCAC},
  year={2020},
  institution={USDOE Office of Science (SC), Washington, DC (United States)}
}


@misc{lbnl:2019:foa,
    author = {DE-FOA-0002122},
    title = {Scientific machine learning and artificial intelligence: {Uncertainty} quantification},
    year = {2019},
    url = {https://science.osti.gov/-/media/grants/pdf/foas/2019/SC_FOA_0002122.pdf},
    note = {Downloaded on Nov 20th, 2020}
}



%%%%%%%%%%%%%%%%%%%%%%%

@article{blei:2006:bnp,
  title={Variational inference for {Dirichlet} process mixtures},
  author={Blei, D. and Jordan, M.~I.},
  journal={Bayesian Analysis},
  volume={1},
  number={1},
  pages={121--143},
  year={2006},
  publisher={International Society for Bayesian Analysis}
}

@misc{liu:2020:bnpjisba,
  title = {Evaluating Sensitivity to the Stick Breaking Prior in {Bayesian} Nonparametrics},
  author = {Liu, R. and Giordano, R. and Broderick, T.},
  year = 2020,
  howpublished={Presentation at BAYESM:O 2020 \url{https://tinyurl.com/y2qgofgl}}
}



@article{berahas:2020:newtonsketch,
  title={An investigation of {Newton}-sketch and subsampled {Newton} methods},
  author={Berahas, A. and Bollapragada, R. and Nocedal, J.},
  journal={Optimization Methods and Software},
  pages={1--20},
  year={2020},
  publisher={Taylor \& Francis}
}

@article{agarwal:2017:secondorder,
  title={Second-order stochastic optimization for machine learning in linear time},
  author={Agarwal, N. and Bullins, B. and Hazan, E.},
  journal={The Journal of Machine Learning Research},
  volume={18},
  number={1},
  pages={4148--4187},
  year={2017},
  publisher={JMLR.org}
}




@article{giordano:2017:measuring,
  title={Measuring Cluster Stability for {Bayesian} Nonparametrics Using the Linear Bootstrap},
  author={Giordano, R. and Liu, R. and Varoquaux, N. and Jordan, M.~I. and Broderick, T.},
  journal={arXiv preprint arXiv:1712.01435},
  year={2017}
}


@article{barnard:1974:cvchoicediscussion,
  title={Discussion of ``{C}ross-validatory choice and assessment of statistical predictions''},
  author={Barnard, G.},
  journal={Journal of the Royal Statistical Society: Series B (Methodological)},
  volume={36},
  number={2},
  pages={133--135},
  year={1974},
  publisher={Wiley Online Library}
}


@book{opper:2001:advancedmeanfield,
  title={Advanced Mean Field Methods: {Theory} and Practice},
  author={Opper, M. and Saad, D.},
  year={2001},
  publisher={MIT press}
}


%%%%%%%%%%%%%%%%%%%%%%%%%%%
% Broad examples

@book{friedman:2001:esl,
  title={The elements of statistical learning},
  author={Friedman, J. and Hastie, T. and Tibshirani, R.},
  volume={1},
  number={10},
  year={2001},
  publisher={Springer series in statistics New York}
}

@article{pritchard:2000:inference,
  title={Inference of population structure using multilocus genotype data},
  author={Pritchard, J. and Stephens, M. and Donnelly, P.},
  journal={Genetics},
  volume={155},
  number={2},
  pages={945--959},
  year={2000},
  publisher={Genetics Soc America}
}


@article{gourieroux:1993:simulation,
  title={Simulation-based inference: {A} survey with special reference to panel data models},
  author={Gourieroux, C. and Monfort, A.},
  journal={Journal of Econometrics},
  volume={59},
  number={1-2},
  pages={5--33},
  year={1993},
  publisher={Elsevier}
}


@article{xu:2015:identification,
  title={Identification of cell types from single-cell transcriptomes using a novel clustering method},
  author={Xu, C. and Su, Z.},
  journal={Bioinformatics},
  volume={31},
  number={12},
  pages={1974--1980},
  year={2015},
  publisher={Oxford University Press}
}

@article{stuart:2019:comprehensive,
  title={Comprehensive integration of single-cell data},
  author={Stuart, T. and Butler, A. and Hoffman, P. and Hafemeister, C. and Papalexi, E. and Mauck, W. and Hao, Y. and Stoeckius, M. and Smibert, P. and Satija, R.},
  journal={Cell},
  volume={177},
  number={7},
  pages={1888--1902},
  year={2019},
  publisher={Elsevier}
}


%%%%%%%%%%%%%%%%%%%%%%%%%%%%%%%%%%
% LRVB

@book{mackay:2003:information,
  title={Information Theory, Inference, and Learning Algorithms},
  author={MacKay, D.~J.~C.},
  year={2003},
  publisher={Cambridge University Press},
  note={Chapter 33}
}


@inproceedings{wang:2005:inadequacy,
  title={Inadequacy of interval estimates corresponding to variational {B}ayesian approximations},
  author={Wang, B. and Titterington, M.},
  year={2004},
  booktitle={Workshop on Artificial Intelligence and Statistics},
  pages={373--380}
}


@incollection{turner:2011:two,
  title={Two problems with variational expectation maximisation for time-series models},
  author={Turner, R.~E. and Sahani, M.},
  booktitle={{Bayesian} Time Series Models},
  editor={Barber, D. and Cemgil, A.~T. and Chiappa, S.},
  year={2011}
}



@misc{criteo:2014:dataset,
  author = {{Criteo Labs}},
  title = {Criteo conversion logs dataset},
  year = {2014},
  url = {http://criteolabs.wpengine.com/downloads/2014-conversion-logs-dataset/},
  note = {Downloaded on July 27th, 2017}
}

@book{nocedal:2006:numerical,
  title={Numerical optimization},
  author={Nocedal, Jorge and Wright, Stephen},
  year={2006},
  publisher={Springer Science \& Business Media}
}


@article{blei:2017:variational,
  title={Variational inference: {A} review for statisticians},
  author={Blei, D. and Kucukelbir, A. and McAuliffe, J.},
  journal={Journal of the American Statistical Association},
  volume={112},
  number={518},
  pages={859--877},
  year={2017},
  publisher={Taylor \& Francis}
}


@article{wainwright:2008:graphical,
  title={Graphical models, exponential families, and variational inference},
  author={Wainwright, M. and Jordan, M.~I.},
  journal={Machine Learning},
  volume={1},
  number={1-2},
  pages={1--305},
  year={2008}
}

@article{kucukelbir:2017:advi,
  title={Automatic differentiation variational inference},
  author={Kucukelbir, A. and Tran, D. and Ranganath, R. and Gelman, A. and Blei, D.},
  journal={The Journal of Machine Learning Research},
  volume={18},
  number={1},
  pages={430--474},
  year={2017},
  publisher={JMLR.org}
}

@article{regier:2019:cataloging,
  title={Cataloging the visible universe through {Bayesian} inference in {Julia} at petascale},
  author={Regier, J. and Fischer, K. and Pamnany, K. and Noack, A. and Revels, J. and Lam, M. and Howard, S. and Giordano, R. and Schlegel, D. and McAuliffe, J.},
  journal={Journal of Parallel and Distributed Computing},
  volume={127},
  pages={89--104},
  year={2019},
  publisher={Elsevier}
}

@article{lang:2016:tractor,
  title={The {T}ractor: {P}robabilistic astronomical source detection and measurement},
  author={Lang, D. and Hogg, D. and Mykytyn, D.},
  journal={ascl},
  pages={ascl--1604},
  year={2016}
}



%%%%%%%%%%%%%%%%%%%%%%%%%%%%%%
% Adversarial sensitivity

@article{giordano:2020:amip,
  title={An Automatic Finite-Sample Robustness Metric: {Can} Dropping a Little Data Change Conclusions?},
  author={Broderick, T. and Giordano, R. and  Meager, R.},
  journal={arXiv preprint arXiv:2011.14999},
  note={Authors listed alphabetically.  Giordano, R. and Meager, R. are equal contribution primary authors.},
  year={2020}
}

@misc{zaminfluence,
    title = {Zaminfluence},
    author = {Giordano, R.},
    year = 2020,
    note = {GitHub repository \url{https://github.com/rgiordan/zaminfluence}},
}



@book{belsley:2005:regression,
  title={Regression diagnostics: {I}dentifying influential data and sources of collinearity},
  author={Belsley, D. and Kuh, E. and Welsch, R.},
  volume={571},
  year={2005},
  publisher={John Wiley \& Sons}
}

@book{hampel:1986:robustbook,
  title={Robust statistics: {The} approach based on influence functions},
  author={Hampel, F.},
  volume={196},
  year={1986},
  publisher={Wiley-Interscience}
}

@article{angelucci:2009:indirect,
  title={Indirect effects of an aid program: {How} do cash transfers affect ineligibles' consumption?},
  author={Angelucci, M. and De Giorgi, G.},
  journal={American Economic Review},
  volume={99},
  number={1},
  pages={486--508},
  year={2009}
}


@article{finkelstein:2012:oregon,
  title={The {Oregon} health insurance experiment: {Evidence} from the first year},
  author={Finkelstein, A. and Taubman, S. and Wright, B. and Bernstein, M. and Gruber, J. and Newhouse, J. and Allen, H. and Baicker, K. and {O}regon {H}ealth {S}tudy {G}roup},
  journal={The Quarterly Journal of Economics},
  volume={127},
  number={3},
  pages={1057--1106},
  year={2012},
  publisher={MIT Press}
}


@article{angelucci:2015:microcredit,
  title={Microcredit impacts: {E}vidence from a randomized microcredit program placement experiment by {C}ompartamos {B}anco},
  author={Angelucci, M. and Karlan, D. and Zinman, J.},
  journal={American Economic Journal: Applied Economics},
  volume={7},
  number={1},
  pages={151--82},
  year={2015}
}




%%%%%%%%%%%%%%%%%%%%%%%%%%%%
% Bayes bootstrap

@article{giordano:2020:bayesij,
  title={The {B}ayesian Infinitesimal Jackknife for Variance.},
  author={Giordano, R. and Broderick, T.},
  journal={In preparation.},
  year={2020}
}


@misc{giordano:2020:stanconbayesij,
  title = {Effortless frequentist covariances of posterior expectations in {Stan}},
  author = {Giordano, R. and Broderick, T.},
  year = 2020,
  howpublished={Presentation at Stancon 2020 \url{https://tinyurl.com/y2e2ucp3}}
}




@article{kass:1990:posteriorexpansions,
  title={The Validity of Posterior Expansions Based on {L}aplace's Method},
  author={Kass, R. and Tierney, L. and Kadane, J.},
  journal={{B}ayesian and Likelihood Methods in Statistics and Econometrics},
  year={1990},
  publisher={Elsevier}
}


% Original article on BayesBag according to Jonathan
@article{waddell:2002:bayesphyloboot,
  title={Very fast algorithms for evaluating the stability of {ML} and {Bayesian} phylogenetic trees from sequence data},
  author={Waddell, P. and Kishino, H. and Ota, R.},
  journal={Genome Informatics},
  volume={13},
  pages={82--92},
  year={2002},
  publisher={Japanese Society for Bioinformatics}
}

% Recent re-introduction of BayesBag according to Jonathan
@article{buhlmann:2014:discussion,
  title={Discussion of Big {Bayes} Stories and {BayesBag}},
  author={B{\"u}hlmann, P.},
  journal={Statistical science},
  volume={29},
  number={1},
  pages={91--94},
  year={2014},
  publisher={JSTOR}
}



@article{kleijn:2006:misspecification,
  title={Misspecification in infinite-dimensional {B}ayesian statistics},
  author={Kleijn, B. and van der Vaart, A.},
  journal={The Annals of Statistics},
  volume={34},
  number={2},
  pages={837--877},
  year={2006},
  publisher={Institute of Mathematical Statistics}
}


@article{kleijn:2012:bvm,
  title={The {B}ernstein-von-{M}ises theorem under misspecification},
  author={Kleijn, B. and Van der Vaart, A.},
  journal={Electronic Journal of Statistics},
  volume={6},
  pages={354--381},
  year={2012},
  publisher={The Institute of Mathematical Statistics and the Bernoulli Society}
}


@book{lehman:1983:pointestimation,
  title={Theory of point estimation},
  author={Lehmann, E. and Casella, G.},
  year={2006},
  publisher={Springer Science \& Business Media}
}

@inproceedings{huber:1967:nonstandard,
  title={The behavior of maximum likelihood estimates under nonstandard conditions},
  author={Huber, P.},
  booktitle={Proceedings of the fifth {B}erkeley symposium on mathematical statistics and probability},
  volume={1},
  number={1},
  pages={221--233},
  year={1967},
  organization={University of California Press}
}

@book{ghosh:2003:bayesian,
  title={{Bayesian} nonparametrics},
  author={Ghosh, J. and Ramamoorthi, R.},
  year={2003},
  publisher={Springer Science \& Business Media}
}



%%%%%%%%%%%%%%%%%%%%%%%%%%%%%
% IJ and von mises


@article{giordano:2019:hoij,
  title={A higher-order {Swiss} army infinitesimal jackknife},
  author={Giordano, R. and Jordan, M.~I. and Broderick, T.},
  journal={arXiv preprint arXiv:1907.12116},
  year={2019}
}


@inproceedings{koh:2017:blackbox,
author = {Koh, P.~W. and Liang, P.},
title = {Understanding Black-box Predictions via Influence Functions},
booktitle = {International Conference on Machine Learning (ICML)},
year = {2017}
}


# Rad and Maleki, emphasis on dimensionality and mentions bootstrap
@article{rad:2018:scalableloo,
   author = {K. Rad and A. Maleki},
    title = {A Scalable Estimate of the Extra-Sample Prediction Error via Approximate Leave-one-out},
  journal = {arXiv Preprint},
archivePrefix = "arXiv",
   eprint = {1801.10243},
 primaryClass = "stat.ME",
 keywords = {Statistics - Methodology},
     year = 2018,
    month = jan,

}

@article{mises:1947:asymptotic,
  title={On the asymptotic distribution of differentiable statistical functions},
  author={Mises, R.},
  journal={The Annals of Mathematical Statistics},
  volume={18},
  number={3},
  pages={309--348},
  year={1947},
  publisher={JSTOR}
}

@article{clarke:1983:uniqueness,
  title={Uniqueness and {Fr{\'e}chet} differentiability of functional solutions to maximum likelihood type equations},
  author={Clarke, B.},
  journal={The Annals of Statistics},
  volume={11},
  number={4},
  pages={1196--1205},
  year={1983},
  publisher={Institute of Mathematical Statistics}
}


@phdthesis{reeds:1976:thesis,
  title={On the definition of von {Mises} functionals},
  author={Reeds, J.},
  year={1976},
  school={Ph. D. Thesis, Statistics, Harvard University}
}

@book{shao:2012:jackknife,
  title={The Jackknife and Bootstrap},
  author={J. Shao and D. Tu},
  year={2012},
  publisher={Springer Series in Statistics}
}


@article{shao:1993:jackknifemestimator,
  title={Differentiability of Statistical Functionals and Consistency of the Jackknife},
  author={J. Shao},
  journal={The Annals of Statistics},
  pages={61--75},
  year={1993},
  publisher={JSTOR}
}

@techreport{jaeckel:1972:infinitesimal,
  title={The Infinitesimal Jackknife, Memorandum},
  author={L. Jaeckel},
  year={1972},
  institution={MM 72-1215-11, Bell Lab. Murray Hill, NJ}
}g


%%%%%%%%%%%%%%%%%%%%%%%%%%%%%



@article{meager:2019:microcredit,
  title={Understanding the average impact of microcredit expansions: A {B}ayesian hierarchical analysis of seven randomized experiments},
  author={Meager, R.},
  journal={American Economic Journal: Applied Economics},
  volume={11},
  number={1},
  pages={57--91},
  year={2019}
}



@article{giordano:2016:microcredit,
  title={Fast robustness quantification with variational {B}ayes},
  author={Giordano, R. and Broderick, T. and Meager, R. and Huggins, J. and Jordan, M.~I.},
  journal={arXiv preprint arXiv:1606.07153},
  year={2016}
}


@article{gelman:1992:inference,
  title={Inference from iterative simulation using multiple sequences},
  author={Gelman, A. and Rubin, D.},
  journal={Statistical science},
  pages={457--472},
  year={1992},
  publisher={JSTOR}
}


@article{rubin:1981:estimation,
  title={Estimation in parallel randomized experiments},
  author={Rubin, D.},
  journal={Journal of Educational and Behavioral Statistics},
  volume={6},
  number={4},
  pages={377--401},
  year={1981},
  publisher={SAGE Publications}
}


@article{raj:2014:faststructure,
  title={{fastSTRUCTURE}: {Variational} inference of population structure in large {SNP} data sets},
  author={Raj, A. and Stephens, M. and Pritchard, J.},
  journal={Genetics},
  volume={197},
  number={2},
  pages={573--589},
  year={2014},
  publisher={Genetics Soc America}
}

@incollection{Basu:2000:BNP_robustness,
  title={{B}ayesian Robustness and {B}ayesian Nonparametrics},
  author={Sanjib Basu},
  editor={Insua, D.~R. and Ruggeri, F.},
  booktitle={Robust {Bayesian} Analysis},
  volume={152},
  year={2000},
  publisher={Springer Science \& Business Media}
}


@article{blei:2006:dirichletbnp,
  title={Variational inference for {D}irichlet process mixtures},
  author={Blei, D.~M. and Jordan, M.~I.},
  journal={{B}ayesian Analysis},
  volume={1},
  number={1},
  pages={121--143},
  year={2006},
  publisher={International Society for {B}ayesian Analysis}
}

@article{huang:2011:haplotype,
  title={Haplotype variation and genotype imputation in {A}frican populations},
  author={Huang, L. and Jakobsson, M. and Pemberton, T. and Ibrahim, M. and Nyambo, T. and Omar, S. and Pritchard, J. and Tishkoff, S. and Rosenberg, N.},
  journal={Genetic epidemiology},
  volume={35},
  number={8},
  pages={766--780},
  year={2011},
  publisher={Wiley Online Library}
}

@article{giordano:2018:bnpsensitivity,
  title={Evaluating Sensitivity to the Stick Breaking Prior in {B}ayesian Nonparametrics},
  author={Giordano, R. and Liu, R. and Jordan, M.~I and Broderick, T.},
  journal={arXiv preprint arXiv:1810.06587},
  year={2018}
}

@article{sethuraman:1994:constructivedp,
  title={A constructive definition of {D}irichlet priors},
  author={Sethuraman, J.},
  journal={Statistica {S}inica},
  pages={639--650},
  year={1994},
  publisher={JSTOR}
}

@article{gershman:2012:bnptutorial,
  title={A tutorial on {Bayesian} nonparametric models},
  author={Gershman, S. and Blei, D.},
  journal={Journal of Mathematical Psychology},
  volume={56},
  number={1},
  pages={1--12},
  year={2012},
  publisher={Elsevier}
}

@book{ghosh:2003:bnp,
  title={{Bayesian} nonparametrics},
  author={Ghosh, J. and Ramamoorthi, R.},
  year={2003},
  publisher={Springer Science \& Business Media}
}


@article{huggins:2019:bayesbag,
  title={Using bagged posteriors for robust inference and model criticism},
  author={Huggins, J. and Miller, J.},
  journal={arXiv preprint arXiv:1912.07104},
  year={2019}
}


@book{davidson:2004:econometric,
  title={Econometric theory and methods},
  author={Davidson, R. and MacKinnon, J.},
  volume={5},
  year={2004},
  publisher={Oxford University Press New York}
}

@article{laurent:2000:adaptive,
  title={Adaptive estimation of a quadratic functional by model selection},
  author={Laurent, B. and Massart, P.},
  journal={Annals of Statistics},
  pages={1302--1338},
  year={2000},
  publisher={JSTOR}
}

@book{fleming:1965:functions,
  title={Functions of Several Variables},
  author={Fleming, W.~H.},
  year={1965},
  publisher={Addison-Wesley Publishing Company, Inc.}
}


@misc{stan-examples:2017,
    author = {{Stan Team}},
    year = {2017},
    title = {{Stan} Example Models Wiki},
    url = {https://github.com/stan-dev/example-models/wiki},
    note = {Referenced on June 5th, 2020}
}


@Misc{rstan,
  title = {{RStan}: the {R} interface to {Stan}},
  author = {{Stan Development Team}},
  note = {R package version 2.21.2},
  year = {2020},
  url = {http://mc-stan.org/},
}

@article{carpenter:2015:stanmath,
  title={The {Stan} math library: {Reverse}-mode automatic differentiation in {C++}},
  author={Carpenter, B. and Hoffman, M. and Brubaker, M. and Lee, D. and Li, P. and Betancourt, M.},
  journal={arXiv preprint arXiv:1509.07164},
  year={2015}
}

@article{carpenter:2017:stan,
  title={{S}tan: {A} probabilistic programming language},
  author={Carpenter, B. and Gelman, A. and Hoffman, M. and Lee, D. and Goodrich, B. and Betancourt, M. and Brubaker, M. and Guo, J. and Li, P. and Riddell, A.},
  journal={Journal of statistical software},
  volume={76},
  number={1},
  year={2017},
  publisher={Columbia Univ., New York, NY (United States); Harvard Univ., Cambridge, MA~…}
}

@Misc{giordano:2020:rstansensitivity,
  title = {{StanSensitivity}: {Automated} hyperparameter sensitivity for {Stan} models.},
  author = {Giordano, R.},
  year = {2018},
  howpublished = {GitHub repository  \url{https://github.com/rgiordan/StanSensitivity}}
}


@incollection{gustafson:2012:localrobustnessbook,
  author={Gustafson, P.},
  title={Local robustness in {Bayesian} analysis},
  editor={Insua, D.~R. and Ruggeri, F.},
  booktitle={Robust {Bayesian} Analysis},
  volume={152},
  year={2000},
  publisher={Springer Science \& Business Media}
}

@incollection{basu:1996:local,
  title={Local posterior robustness with parametric priors: {Maximum} and average sensitivity},
  author={Basu, S. and Jammalamadaka, S. Rao and Liu, W.},
  booktitle={Maximum Entropy and {Bayesian} Methods},
  pages={97--106},
  year={1996},
  publisher={Springer}
}

@article{gustafson:1996:localposterior,
  title={Local sensitivity of posterior expectations},
  author={Gustafson, P.},
  journal={The Annals of Statistics},
  volume={24},
  number={1},
  pages={174--195},
  year={1996},
  publisher={Institute of Mathematical Statistics}
}



@Misc{economist:2020:election,
  title = {The {Economist}: {Forecasting} the {US} elections.},
  author = {Gelman, A. and Heidemanns, M.},
  note = {Data and model accessed Oct., 2020},
  year = {2020},
  url = {https://projects.economist.com/us-2020-forecast/president},
}



@Misc{rstanarm,
  title = {rstanarm: {Bayesian} applied regression modeling via {Stan}.},
  author = {Goodrich, B. and Gabry, J. and Ali, I. and Brilleman, S.},
  note = {R package version 2.19.3},
  year = {2020},
  url = {https://mc-stan.org/rstanarm},
}

@book{gelman:2006:arm,
  title={Data analysis using regression and multilevel/hierarchical models},
  author={Gelman, A. and Hill, J.},
  year={2006},
  publisher={Cambridge University Press}
}

@book{kery:2011:bayesian,
  title={{Bayesian} population analysis using {WinBUGS}: {A} hierarchical perspective},
  author={K{\'e}ry, M. and Schaub, M.},
  year={2011},
  publisher={Academic Press}
}

@inproceedings{giordano:2015:linear,
  title={Linear response methods for accurate covariance estimates from mean field variational {Bayes}},
  author={Giordano, R. and Broderick, T. and Jordan, M.~I.},
  booktitle={Advances in Neural Information Processing Systems},
  pages={1441--1449},
  year={2015}
}


@article{giordano:2018:covariances,
  title={Covariances, robustness and variational {B}ayes},
  author={Giordano, R. and Broderick, T. and Jordan, M.},
  journal={The Journal of Machine Learning Research},
  volume={19},
  number={1},
  pages={1981--2029},
  year={2018},
  publisher={JMLR.org}
}

@misc{giordano:2018:mcmchyper,
  title = {Automatic Robustness Measures in {Stan}},
  author = {Giordano, R. and Broderick, T. and Jordan, M.~I.},
  year = 2018,
  howpublished={Presentation at Stancon 2018 \url{https://tinyurl.com/yyqwpowc}}
}


@article{stefanski:2002:mestimation,
  title={The Calculus of {M}-estimation},
  author={Stefanski, L. and Boos, D.},
  journal={The American Statistician},
  volume={56},
  number={1},
  pages={29--38},
  year={2002},
  publisher={Taylor \& Francis}
}

@article{sandberg:1981:globalimplicit,
  title={Global Implicit Function Theorems},
  author={Sandberg, I.},
  journal={IEEE Transactions on Circuits and Systems},
  volume={28},
  number={2},
  pages={145--149},
  year={1981},
  publisher={IEEE}
}

@article{sandberg:1980:globalinverse,
  title={Global Inverse Function Theorems},
  author={Sandberg, I},
  journal={IEEE Transactions on Circuits and Systems},
  volume={27},
  number={11},
  pages={998--1004},
  year={1980},
  publisher={IEEE}
}

@book{krantz:2012:implicit,
  title={The Implicit Function Theorem: {History}, Theory, and Applications},
  author={Krantz, S. and Parks, H.},
  year={2012},
  publisher={Springer Science \& Business Media}
}

@inproceedings{giordano:2019:ij,
  title={A {S}wiss Army Infinitesimal Jackknife},
  author={Giordano, R. and Stephenson, W. and Liu, R. and Jordan, M.~I. and Broderick, T.},
  booktitle={The 22nd International Conference on Artificial Intelligence and Statistics},
  pages={1139--1147},
  year={2019}
}

#############
# Genomics

#doi = {10.1371/journal.ppat.1004856},
#isbn = {1553-7366},
#issn = {15537374},
#pmid = {26046528},

@article{shoemaker:2015:ultrasensitive,
journal = {PLoS Pathogens},
number = {6},
pages = {1--25},
title = {An Ultrasensitive Mechanism Regulates Influenza Virus-Induced
Inflammation},
author = {Shoemaker, J.~E. and Fukuyama, S. and Eisfeld, A.~J.
    and Zhao, D. and Kawakami, E. and Sakabe, S. and Maemura,
    T. and Gorai, T. and Katsura, H. and Muramoto, Y. and
    Watanabe, S. and Watanabe, T. and Fuji, K. and Matsuoka, Y.
    and Kitano, H. and Kawaoka, Y.},
volume = {11},
year = {2015}
}


@article{Luan:2003:clustering,
  title={Clustering of time-course gene expression data using a mixed-effects model with {B}-splines},
  author={Luan, Y. and Li, H.},
  journal={Bioinformatics},
  volume={19},
  number={4},
  pages={474--482},
  year={2003},
  publisher={Oxford University Press}
}


################

@book{dudley:2018:analysis,
  title={Real analysis and probability},
  author={Dudley, R.},
  year={2018},
  publisher={Chapman and Hall/CRC}
}

@book{keener:2011:theoretical,
  title={Theoretical Statistics: Topics for a Core Course},
  author={Keener, R.~W.},
  year={2011},
  publisher={Springer}
}

@book{schott:2016:matrix,
  title={Matrix Analysis for Statistics},
  author={Schott, J.},
  year={2016},
  publisher={John Wiley \& Sons}
}

######################
# Jackknife references

@article{reeds:1978:jackknifing,
  title={Jackknifing maximum likelihood estimates},
  author={Reeds, J.~A.},
  journal={The Annals of Statistics},
  pages={727--739},
  year={1978},
  publisher={JSTOR}
}

@article{mises:1947:asymptotic,
  title={On the asymptotic distribution of differentiable statistical functions},
  author={Mises, R.},
  journal={The Annals of Mathematical Statistics},
  volume={18},
  number={3},
  pages={309--348},
  year={1947},
  publisher={JSTOR}
}

@phdthesis{reeds:1976:thesis,
  title={On the definition of von {Mises} functionals},
  author={Reeds, J.},
  year={1976},
  school={Ph. D. Thesis, Statistics, Harvard University}
}

@article{clarke:1983:uniqueness,
  title={Uniqueness and {Fr{\'e}chet} Differentiability of Functional Solutions to Maximum Likelihood Type Equations},
  author={Clarke, B.},
  journal={The Annals of Statistics},
  volume={11},
  number={4},
  pages={1196--1205},
  year={1983},
  publisher={Institute of Mathematical Statistics}
}

@book{wright:1999:optimization,
  title={Numerical Optimization},
  author={Wright, S. and Nocedal, J.},
  journal={Springer Science},
  volume={35},
  number={67-68},
  pages={7},
  year={1999}
}

@article{agarwal:2016:lissa,
  title={Second-order stochastic optimization in linear time},
  author={Agarwal, N. and Bullins, B. and Hazan, E.},
  journal={Journal of Machine Learning Research},
  year={2017}
}

@book{barbe:2012:weighted,
  title={The Weighted Bootstrap},
  author={Barbe, P. and Bertail, P.},
  volume={98},
  year={2012},
  publisher={Springer Science \& Business Media}
}

@inproceedings{maclaurin:2015:autograd,
  title={Autograd: Effortless gradients in numpy},
  author="Maclaurin, D. and Duvenaud, D. and Adams, R.~P.",
  booktitle={International Conference on Machine Learning (ICML) AutoML Workshop},
  year={2015}
}

# Actually 2017
@article{baydin:2015:automatic,
  title={Automatic differentiation in machine learning: {A} survey.},
  author={Baydin, A. and Pearlmutter, B. and Radul, A. and Siskind, J.},
  journal={Journal of Machine Learning Research},
  volume={18},
  number={153},
  pages={1--153},
  year={2017}
}


@article{cook:1986:assessment,
  title={Assessment of local influence},
  author={D. R. Cook},
  journal={Journal of the Royal Statistical Society. Series B (Methodological)},
  pages={133--169},
  year={1986},
  publisher={JSTOR}
}

@book{amari:2007:geom,
  title={Methods of Information Geometry},
  author={S. Amari and H. Nagaoka},
  volume={191},
  year={2007},
  publisher={American Mathematical Society}
}

@book{shao:2012:jackknife,
  title={The Jackknife and Bootstrap},
  author={J. Shao and D. Tu},
  year={2012},
  publisher={Springer Series in Statistics}
}


@article{shao:1993:jackknifemestimator,
  title={Differentiability of Statistical Functionals and Consistency of the Jackknife},
  author={J. Shao},
  journal={The Annals of Statistics},
  pages={61--75},
  year={1993},
  publisher={JSTOR}
}

@techreport{jaeckel:1972:infinitesimal,
  title={The Infinitesimal Jackknife, Memorandum},
  author={L. Jaeckel},
  year={1972},
  institution={MM 72-1215-11, Bell Lab. Murray Hill, NJ}
}

@book{efron:1982:jackknife,
  title={The Jackknife, the Bootstrap, and Other Resampling Plans},
  author={B. Efron},
  volume={38},
  year={1982},
  publisher={Society for Industrial and Applied Mathematics}
}

@book{efron:1994:bootstrap,
  title={An Introduction to the Bootstrap},
  author={Efron, B. and Tibshirani, R.},
  year={1994},
  publisher={CRC press}
}

@book{hall:2013:bootstrap,
  title={The Bootstrap and {Edgeworth} Expansion},
  author={Hall, P.},
  year={2013},
  publisher={Springer Science \& Business Media}
}

@book{fernholz:1983:mises,
  title={{Von Mises} Calculus for Statistical Functionals},
  author={Fernholz, L.},
  volume={19},
  year={1983},
  publisher={Springer Science \& Business Media}
}


@article{hampel:1974:influence,
  title={The influence curve and its role in robust estimation},
  author={F. R. Hampel},
  journal={Journal of the american statistical association},
  volume={69},
  number={346},
  pages={383--393},
  year={1974},
  publisher={Taylor \& Francis}
}

@incollection{huber:2011:robust,
  title={Robust statistics},
  author={P. J. Huber},
  booktitle={International Encyclopedia of Statistical Science},
  pages={1248--1251},
  year={2011},
  publisher={Springer}
}

@article{wu:1990:asymptotic,
  title={On the asymptotic properties of the jackknife histogram},
  author={C. Wu},
  journal={The Annals of Statistics},
  pages={1438--1452},
  year={1990},
  publisher={JSTOR}
}

#####################

@article{wager:2014:confidence,
  title={Confidence intervals for random forests: The jackknife and the infinitesimal jackknife},
  author={Wager, S. and Hastie, T. and Efron, B.},
  journal={The Journal of Machine Learning Research},
  volume={15},
  number={1},
  pages={1625--1651},
  year={2014},
  publisher={JMLR. org}
}

@article{rosset:2018:fixed,
  title={From Fixed-{X} to Random-{X} Regression: Bias-Variance Decompositions, Covariance Penalties, and Prediction Error Estimation},
  author={Rosset, S. and Tibshirani, R.~J.},
  journal={Journal of the American Statistical Association},
  year  = {2018},
  publisher = {Taylor \& Francis},
}

@article{adamczak:2008:empiricalprocess,
  title={A tail inequality for suprema of unbounded empirical processes with applications to {Markov} chains},
  author={Adamczak, R.},
  journal={Electronic Journal of Probability},
  volume={13},
  pages={1000--1034},
  year={2008},
  publisher={The Institute of Mathematical Statistics and the Bernoulli Society}
}

@article{mendelson:2010:empirical,
  title={Empirical processes with a bounded $\psi$ 1 diameter},
  author={Mendelson, S.},
  journal={Geometric and Functional Analysis},
  volume={20},
  number={4},
  pages={988--1027},
  year={2010},
  publisher={Springer}
}

@inproceedings{beirami:2017:optimalgeneralizability,
  author    = {A. Beirami and
               M. Razaviyayn and
               S. Shahrampour and
               V. Tarokh},
  title     = {On Optimal Generalizability in Parametric Learning},
  booktitle = {Advances in Neural Information Processing Systems (NIPS)},
  pages     = {3458--3468},
  year      = {2017},

}

@inproceedings{koh:2017:blackbox,
author = {P. W. Koh and P. Liang},
title = {Understanding Black-box Predictions via Influence Functions},
booktitle = {International Conference on Machine Learning (ICML)},
year = {2017}
}


# Rad and Maleki, emphasis on dimensionality and mentions bootstrap
@article{rad:2018:scalableloo,
   author = {K. Rad and A. Maleki},
    title = {A Scalable Estimate of the Extra-Sample Prediction Error via Approximate Leave-one-out},
  journal = {arXiv Preprint},
archivePrefix = "arXiv",
   eprint = {1801.10243},
 primaryClass = "stat.ME",
 keywords = {Statistics - Methodology},
     year = 2018,
    month = jan,

}

# Rad and Maleki style
@article{wang_maleki:2018:approximate,
  title={Approximate Leave-one-out for High-Dimensional Non-Differentiable Learning Problems},
  author={Wang, S. and Zhou, W. and Maleki, A. and Lu, H. and Mirrokni, V.},
  journal={arXiv preprint arXiv:1810.02716},
  year={2018}
}


@article{obuchi:2016:cv,
  title={Cross Validation in {LASSO} and its Acceleration},
  author={Obuchi, T. and Kabashima, Y.},
  journal={Journal of Statistical Mechanics: Theory and Experiment},
  volume={2016},
  number={5},
  pages={053304},
  year={2016},
  publisher={IOP Publishing}
}


@article {Huang17,
	author = {M. Huang and J. Wang and E. Torre and H. Dueck and S. Shaffer and
  R. Bonasio and J. Murray and A. Raj and M. Li and N. R. Zhang},
	title = "Gene Expression Recovery For Single Cell {RNA} Sequencing",
	year = {2017},
  publisher = {Cold Spring Harbor Laboratory},
	journal = {bioRxiv}
}

@article{ChatterjeeB05,
author = "S. Chatterjee and A. Bose",
journal = "The Annals of Statistics",
month = "02",
number = "1",
pages = "414--436",
publisher = "The Institute of Mathematical Statistics",
title = "Generalized bootstrap for estimating equations",
volume = "33",
year = "2005"
}

@techreport{ChamandyMNN12,
title = {Estimating Uncertainty for Massive Data Streams},
author  = {N. Chamandy and O. Muralidharan and A. Najmi and S. Naidu},
year  = {2012},
institution = {Google}
}

@misc{autograd,
    title = {autograd},
    author = {D. Maclaurin and D. Duvenaud and M. Johnson},
    year = 2017,
    note = {GitHub repository \url{https://github.com/HIPS/autograd}},
}

@misc{scipy,
  author =    {Jones, E. and Oliphant, T. and Peterson, P. and others},
  title =     {{SciPy}: Open source scientific tools for {Python}},
  year =      {2001},
  url = "http://www.scipy.org/"
}














%%%%%%%%%%%%%%%%%%%%%%%%%%%
% Lit review

@article{stone:1974:cvchoice,
  title={Cross-validatory choice and assessment of statistical predictions},
  author={Stone, M.},
  journal={Journal of the Royal Statistical Society: Series B (Methodological)},
  volume={36},
  number={2},
  pages={111--133},
  year={1974},
  publisher={Wiley Online Library}
}

@article{barnard:1974:cvchoicediscussion,
  title={Discussion of ``{C}ross-validatory choice and assessment of statistical predictions''},
  author={Barnard, G.},
  journal={Journal of the Royal Statistical Society: Series B (Methodological)},
  volume={36},
  number={2},
  pages={133--135},
  year={1974},
  publisher={Wiley Online Library}
}


@article{efron:2004:estimation,
  title={The Estimation of Prediction Error: Covariance Penalties and Cross-Validation},
  author={Efron, B.},
  journal={Journal of the American Statistical Association},
  volume={99},
  number={467},
  pages={619--632},
  year={2004},
  publisher={Taylor \& Francis}
}


# This is the linear bootstrap paper
@inproceedings{schulam:2019:trust,
  title={Can You Trust This Prediction? {A}uditing Pointwise Reliability After Learning},
  author={Schulam, P. and Saria, S.},
  booktitle={The 22nd International Conference on Artificial Intelligence and Statistics},
  pages={1022--1031},
  year={2019}
}

## Higher order
@inproceedings{liu:2014:efficient,
  title={Efficient approximation of cross-validation for kernel methods using Bouligand influence function},
  author={Liu, Y. and Jiang, S. and Liao, S.},
  booktitle={International Conference on Machine Learning},
  pages={324--332},
  year={2014}
}

## Higher order
@article{christmann:2008:bouligand,
  title={Bouligand derivatives and robustness of support vector machines for regression},
  author={Christmann, A. and Messem, A.},
  journal={Journal of Machine Learning Research},
  volume={9},
  number={May},
  pages={915--936},
  year={2008}
}

## Higher order
@article{debruyne:2008:model,
  title={Model Selection in Kernel Based Regression Using the Influence Function},
  author={Debruyne, M. and Hubert, M. and Suykens, J.},
  journal={Journal of Machine Learning Research},
  volume={9},
  number={Oct},
  pages={2377--2400},
  year={2008}
}


@article{wang_maleki:2018:approximate,
  title={Approximate Leave-One-Out for High-Dimensional Non-Differentiable Learning Problems},
  author={Wang, S. and Zhou, W. and Maleki, A. and Lu, H. and Mirrokni, V.},
  journal={arXiv preprint arXiv:1810.02716},
  year={2018}
}


@book{van:2000:asymptotic,
  title={Asymptotic statistics},
  author={Van der Vaart, A.},
  volume={3},
  year={2000},
  publisher={Cambridge university press}
}


@Book{		  zeidler:2013:nonlinearv1,
  title		= {Nonlinear Functional Analysis and its Applications: I:
		  {F}ixed-point Theorems},
  author	= {Zeidler, E.},
  year		= {1986},
  publisher	= {Springer-Verlag New York Inc.}
}


@article{huber:1964:robust,
  title={Robust Estimation of a Location Parameter},
  author={Huber, P.},
  journal={The Annals of Mathematical Statistics},
  pages={73--101},
  year={1964},
  publisher={JSTOR}
}


@Manual{flegal:2020:mcmcse,
  title = {mcmcse: Monte Carlo Standard Errors for MCMC},
  author = {Flegal, F. and Hughes, J. and Vats, D and Dai, N.},
  year = {2020},
  address = {Riverside, CA, Denver, CO, Coventry, UK, and
    Minneapolis, MN},
  note = {R package version 1.4-1},
}
