@misc{blueroseresearch:2024,
author = {{Blue Rose Research}},
title = {{2024 Election Retrospective Presentation}},
howpublished = {\url{https://data.blueroseresearch.org/2024retro-download}},
year = {2024},
note = {Accessed on 2024-10-26}
}

@misc{datademocracyblog:2025,
  author = {Bonica, A. and Fordham, R. and Grumbach, J. and  Tiburcio, E.},
  title = {Did Non-Voters Really Flip {Republican} in 2024? {The} Evidence Says No.},
  year = {2025},
  month = {April},
  day = {10},
  howpublished = {\url{https://data4democracy.substack.com/p/did-non-voters-really-flip-republican}}
}

@misc{cces_website,
  author = {{Harvard University}},
  title = {Cooperative Election Study},
  url = {https://cces.gov.harvard.edu/},
  note = {Accessed on September 4, 2025}
}


@article{giordano:2018:covariances,
  title={Covariances, robustness and variational bayes},
  author={Giordano, R. and Broderick, T. and Jordan, M.~I.},
  journal={Journal of machine learning research},
  volume={19},
  number={51},
  year={2018}
}


@article{brms,
    title = {{brms}: An {R} Package for {Bayesian} Multilevel Models
      Using {Stan}},
    author = {Paul-Christian BÃ¼rkner},
    journal = {Journal of Statistical Software},
    year = {2017},
    volume = {80},
    number = {1},
    pages = {1--28},
    doi = {10.18637/jss.v080.i01},
    encoding = {UTF-8},
  }