@inproceedings{rezende2015variational,
  title={Variational inference with normalizing flows},
  author={Rezende, Danilo and Mohamed, Shakir},
  booktitle={International conference on machine learning},
  pages={1530--1538},
  year={2015},
  organization={PMLR}
}

@article{kucukelbir2017automatic,
  title={Automatic differentiation variational inference},
  author={Kucukelbir, Alp and Tran, Dustin and Ranganath, Rajesh and Gelman, Andrew and Blei, David M},
  journal={The Journal of Machine Learning Research},
  volume={18},
  number={1},
  pages={430--474},
  year={2017},
  publisher={JMLR. org}
}

@inproceedings{ranganath2014black,
  title={Black box variational inference},
  author={Ranganath, Rajesh and Gerrish, Sean and Blei, David},
  booktitle={Artificial intelligence and statistics},
  pages={814--822},
  year={2014},
  organization={PMLR}
}


@article{meager2020aggregating,
  title={Aggregating Distributional Treatment Effects: {A} {B}ayesian Hierarchical Analysis of the Microcredit Literature},
  author={Meager, R.},
  journal = {LSE working paper},
  year={2020}
}


@article{Luan:2003:clustering,
author = {Luan, Y. and Li, H.},
number = {4},
journal={Bioinformatics},
pages = {474--482},
title = {{Clustering of time-course gene expression data using a mixed-effects model with B-splines}},
volume = {19},
year = {2003}
}


@article{regier2019cataloging,
  title={Cataloging the visible universe through Bayesian inference in Julia at petascale},
  author={Regier, Jeffrey and Fischer, Keno and Pamnany, Kiran and Noack, Andreas and Revels, Jarrett and Lam, Maximilian and Howard, Steve and Giordano, Ryan and Schlegel, David and McAuliffe, Jon and others},
  journal={Journal of Parallel and Distributed Computing},
  volume={127},
  pages={89--104},
  year={2019},
  publisher={Elsevier}
}


@article{li2016variational,
  title={Variational inference with R{\'e}nyi divergence},
  author={Li, Yingzhen and Turner, Richard E},
  journal={stat},
  volume={1050},
  pages={6},
  year={2016}
}


@article{liu2016stein,
  title={Stein variational gradient descent: {A} general purpose bayesian inference algorithm},
  author={Liu, Qiang and Wang, Dilin},
  journal={arXiv preprint arXiv:1608.04471},
  year={2016}
}


@article{ambrogioni2018wasserstein,
  title={Wasserstein variational inference},
  author={Ambrogioni, Luca and G{\"u}{\c{c}}l{\"u}, Umut and G{\"u}{\c{c}}l{\"u}t{\"u}rk, Ya{\u{g}}mur and Hinne, Max and Maris, Eric and van Gerven, Marcel AJ},
  journal={arXiv preprint arXiv:1805.11284},
  year={2018}
}


@article{kullback1951information,
  title={On information and sufficiency},
  author={Kullback, Solomon and Leibler, Richard A},
  journal={The annals of mathematical statistics},
  volume={22},
  number={1},
  pages={79--86},
  year={1951},
  publisher={JSTOR}
}


@article{gibbs2002choosing,
  title={On choosing and bounding probability metrics},
  author={Gibbs, Alison L and Su, Francis Edward},
  journal={International statistical review},
  volume={70},
  number={3},
  pages={419--435},
  year={2002},
  publisher={Wiley Online Library}
}
