@article{meager2020aggregating,
  title={Aggregating Distributional Treatment Effects: {A} {B}ayesian Hierarchical Analysis of the Microcredit Literature},
  author={Meager, R.},
  journal = {LSE working paper},
  year={2020}
}


@article{Luan:2003:clustering,
author = {Luan, Y. and Li, H.},
number = {4},
journal={Bioinformatics},
pages = {474--482},
title = {{Clustering of time-course gene expression data using a mixed-effects model with B-splines}},
volume = {19},
year = {2003}
}


@article{regier2019cataloging,
  title={Cataloging the visible universe through Bayesian inference in Julia at petascale},
  author={Regier, Jeffrey and Fischer, Keno and Pamnany, Kiran and Noack, Andreas and Revels, Jarrett and Lam, Maximilian and Howard, Steve and Giordano, Ryan and Schlegel, David and McAuliffe, Jon and others},
  journal={Journal of Parallel and Distributed Computing},
  volume={127},
  pages={89--104},
  year={2019},
  publisher={Elsevier}
}
