
@article{giordano:2020:automatic,
  title={An Automatic Finite-Sample Robustness Metric: {C}an Dropping a Little Data Change Conclusions?},
  author={Broderick, T. and Giordano, R. and Meager, R.},
  journal={arXiv preprint arXiv:2011.14999},
  year={2020}
}

@inproceedings{gawron:2003:automatically,
  title={Automatically Wrong},
  author={Gawron, V. and Peer, J.},
  booktitle={Proceedings of the Human Factors and Ergonomics Society Annual Meeting},
  volume={47},
  number={1},
  pages={159--163},
  year={2003},
  organization={SAGE Publications Sage CA: Los Angeles, CA}
}

@article{averbukh:1967:diff,
  title={The theory of differentiation in linear topological spaces},
  author={Averbukh, V. and Smolyanov, O.},
  journal={Russian Mathematical Surveys},
  volume={22},
  number={6},
  pages={201--258},
  year={1967}
}

@article{gustafson:1996:localposterior,
  title={Local sensitivity of posterior expectations},
  author={Gustafson, P.},
  journal={The Annals of Statistics},
  volume={24},
  number={1},
  pages={174--195},
  year={1996},
  publisher={Institute of Mathematical Statistics}
}


@book{hampel:2011:robustbook,
  title={Robust statistics: {T}he approach based on influence functions},
  author={Hampel, F. and Ronchetti, E. and Rousseeuw, P. and Stahel, W.},
  volume={196},
  year={2011},
  publisher={John Wiley \& Sons}
}

@book{lecam:1986:bernstein,
  title={On the {Bernstein-von Mises} theorem},
  author={Le Cam, L.},
  year={1986},
  publisher={Department of Statistics, University of California}
}

@Misc{economist:2020:election,
  title = {The {Economist}: {Forecasting} the {US} elections.},
  author = {Gelman, A. and Heidemanns, M.},
  note = {Data and model accessed Oct., 2020},
  year = {2020},
  url = {https://projects.economist.com/us-2020-forecast/president},
}

@article{gelman:1993:elections,
  title={Why are {American} presidential election campaign polls so variable when votes are so predictable?},
  author={Gelman, A. and King, G.},
  journal={British Journal of Political Science},
  pages={409--451},
  year={1993},
  publisher={JSTOR}
}

@article{linzer:2013:dynamic,
  title={Dynamic {Bayesian} forecasting of presidential elections in the states},
  author={Linzer, D.},
  journal={Journal of the American Statistical Association},
  volume={108},
  number={501},
  pages={124--134},
  year={2013},
  publisher={Taylor \& Francis}
}

@article{schorcht:2009:bats,
  title={Variation of adult survival drives population dynamics in a migrating forest bat},
  author={Schorcht, W. and Bontadina, F. and Schaub, M.},
  journal={Journal of Animal Ecology},
  volume={78},
  number={6},
  pages={1182--1190},
  year={2009},
  publisher={Wiley Online Library}
}

@book{kery:2011:bpa,
  title={{Bayesian} population analysis using {WinBUGS}: {A} hierarchical perspective},
  author={K{\'e}ry, M. and Schaub, M.},
  year={2011},
  publisher={Academic Press}
}


@online{freedman:2005:neymanscott,
  author = {Freedman, D.},
  title = {Notes for Statistics 215: The {N}eyman-{S}cott paradox},
  year = 2005,
  url = {https://www.stat.berkeley.edu/~census/neyscpar.pdf},
  urldate = {2020-11-07}
}


@article{huggins:2023:bayesbag,
  title={Reproducible model selection using bagged posteriors},
  author={Huggins, J. and Miller, J.},
  journal={Bayesian Analysis},
  volume={18},
  number={1},
  pages={79--104},
  year={2023},
  publisher={International Society for Bayesian Analysis}
}


@book{davidson:2004:econometric,
  title={Econometric theory and methods},
  author={Davidson, R. and MacKinnon, J.},
  volume={5},
  year={2004},
  publisher={Oxford University Press New York}
}

@article{laurent:2000:adaptive,
  title={Adaptive estimation of a quadratic functional by model selection},
  author={Laurent, B. and Massart, P.},
  journal={Annals of Statistics},
  pages={1302--1338},
  year={2000},
  publisher={JSTOR}
}

@book{fleming:1965:functions,
  title={Functions of Several Variables},
  author={Fleming, W.~H.},
  year={1965},
  publisher={Addison-Wesley Publishing Company, Inc.}
}


@misc{stan-examples:2017,
    author = {{Stan Team}},
    year = {2017},
    title = {Stan Example Models Wiki},
    url = {https://github.com/stan-dev/example-models/wiki},
    note = {Referenced on June 5th, 2020}
}


@Misc{rstanarm,
  title = {rstanarm: {Bayesian} applied regression modeling via {Stan}.},
  author = {Goodrich, B. and Gabry, J. and Ali, I. and Brilleman, S.},
  note = {R package version 2.19.3},
  year = {2020},
  url = {https://mc-stan.org/rstanarm},
}

@book{gelman:2006:arm,
  title={Data analysis using regression and multilevel/hierarchical models},
  author={Gelman, A. and Hill, J.},
  year={2006},
  publisher={Cambridge university press}
}

@article{giordano:2018:covariances,
  title={Covariances, robustness and variational {B}ayes},
  author={Giordano, R. and Broderick, T. and Jordan, M.},
  journal={The Journal of Machine Learning Research},
  volume={19},
  number={1},
  pages={1981--2029},
  year={2018},
  publisher={JMLR.org}
}

@article{kleijn:2006:misspecification,
  title={Misspecification in infinite-dimensional {B}ayesian statistics},
  author={Kleijn, B. and van der Vaart, A.},
  journal={The Annals of Statistics},
  volume={34},
  number={2},
  pages={837--877},
  year={2006},
  publisher={Institute of Mathematical Statistics}
}

@book{serfling:1980:approximation,
  title={Approximation theorems of mathematical statistics},
  author={Serfling, R.},
  year={1980},
  publisher={John Wiley \& Sons}
}

@article{kleijn:2012:bvm,
  title={The {B}ernstein-von-{M}ises theorem under misspecification},
  author={Kleijn, B. and Van der Vaart, A.},
  journal={Electronic Journal of Statistics},
  volume={6},
  pages={354--381},
  year={2012},
  publisher={The Institute of Mathematical Statistics and the Bernoulli Society}
}


@book{lehman:1983:pointestimation,
  title={Theory of point estimation},
  author={Lehmann, E. and Casella, G.},
  year={2006},
  publisher={Springer Science \& Business Media}
}

@article{kass:1990:posteriorexpansions,
  title={The Validity of Posterior Expansions Based on {L}aplace's Method},
  author={Kass, R. and Tierney, L. and Kadane, J.},
  journal={{B}ayesian and Likelihood Methods in Statistics and Econometrics},
  year={1990},
  publisher={Elsevier}
}

@inproceedings{huber:1967:nonstandard,
  title={The behavior of maximum likelihood estimates under nonstandard conditions},
  author={Huber, P.},
  booktitle={Proceedings of the fifth {B}erkeley symposium on mathematical statistics and probability},
  volume={1},
  number={1},
  pages={221--233},
  year={1967},
  organization={University of California Press}
}



@book{ghosh:2003:bayesian,
  title={{Bayesian} nonparametrics},
  author={Ghosh, J. and Ramamoorthi, R.},
  year={2003},
  publisher={Springer Science \& Business Media}
}

@article{stefanski:2002:mestimation,
  title={The Calculus of {M}-estimation},
  author={Stefanski, L. and Boos, D.},
  journal={The American Statistician},
  volume={56},
  number={1},
  pages={29--38},
  year={2002},
  publisher={Taylor \& Francis}
}

@article{sandberg:1981:globalimplicit,
  title={Global Implicit Function Theorems},
  author={Sandberg, I.},
  journal={IEEE Transactions on Circuits and Systems},
  volume={28},
  number={2},
  pages={145--149},
  year={1981},
  publisher={IEEE}
}

@article{sandberg:1980:globalinverse,
  title={Global Inverse Function Theorems},
  author={Sandberg, I},
  journal={IEEE Transactions on Circuits and Systems},
  volume={27},
  number={11},
  pages={998--1004},
  year={1980},
  publisher={IEEE}
}

@book{krantz:2012:implicit,
  title={The Implicit Function Theorem: History, Theory, and Applications},
  author={Krantz, S. and Parks, H.},
  year={2012},
  publisher={Springer Science \& Business Media}
}

@inproceedings{giordano:2019:ij,
  title={A {S}wiss Army Infinitesimal Jackknife},
  author={Giordano, R. and Stephenson, W. and Liu, R. and Jordan, M.~I. and Broderick, T.},
  booktitle={The 22nd International Conference on Artificial Intelligence and Statistics},
  pages={1139--1147},
  year={2019}
}

#############
# Genomics

#doi = {10.1371/journal.ppat.1004856},
#isbn = {1553-7366},
#issn = {15537374},
#pmid = {26046528},

@article{shoemaker:2015:ultrasensitive,
journal = {PLoS Pathogens},
number = {6},
pages = {1--25},
title = {An Ultrasensitive Mechanism Regulates Influenza Virus-Induced
Inflammation},
author = {Shoemaker, J.~E. and Fukuyama, S. and Eisfeld, A.~J.
    and Zhao, D. and Kawakami, E. and Sakabe, S. and Maemura,
    T. and Gorai, T. and Katsura, H. and Muramoto, Y. and
    Watanabe, S. and Watanabe, T. and Fuji, K. and Matsuoka, Y.
    and Kitano, H. and Kawaoka, Y.},
volume = {11},
year = {2015}
}


@article{Luan:2003:clustering,
  title={Clustering of time-course gene expression data using a mixed-effects model with {B}-splines},
  author={Luan, Y. and Li, H.},
  journal={Bioinformatics},
  volume={19},
  number={4},
  pages={474--482},
  year={2003},
  publisher={Oxford University Press}
}


################

@book{dudley:2018:analysis,
  title={Real analysis and probability},
  author={Dudley, R.},
  year={2018},
  publisher={Chapman and Hall/CRC}
}

@book{keener:2011:theoretical,
  title={Theoretical Statistics: Topics for a Core Course},
  author={Keener, R.~W.},
  year={2011},
  publisher={Springer}
}

@book{schott:2016:matrix,
  title={Matrix Analysis for Statistics},
  author={Schott, J.},
  year={2016},
  publisher={John Wiley \& Sons}
}

######################
# Jackknife references

@article{reeds:1978:jackknifing,
  title={Jackknifing maximum likelihood estimates},
  author={Reeds, J.~A.},
  journal={The Annals of Statistics},
  pages={727--739},
  year={1978},
  publisher={JSTOR}
}

@article{mises:1947:asymptotic,
  title={On the asymptotic distribution of differentiable statistical functions},
  author={{von Mises}, R.},
  journal={The Annals of Mathematical Statistics},
  volume={18},
  number={3},
  pages={309--348},
  year={1947},
  publisher={JSTOR}
}

@phdthesis{reeds:1976:thesis,
  title={Ill (1976). On the definition of von {Mises} functionals},
  author={Reeds, J.},
  year={1976},
  school={Ph. D. Thesis, Statistics, Harvard University}
}

@article{clarke:1983:uniqueness,
  title={Uniqueness and {Fr{\'e}chet} Differentiability of Functional Solutions to Maximum Likelihood Type Equations},
  author={Clarke, B.},
  journal={The Annals of Statistics},
  volume={11},
  number={4},
  pages={1196--1205},
  year={1983},
  publisher={Institute of Mathematical Statistics}
}

@book{wright:1999:optimization,
  title={Numerical Optimization},
  author={Wright, S. and Nocedal, J.},
  journal={Springer Science},
  volume={35},
  number={67-68},
  pages={7},
  year={1999}
}

@article{agarwal:2016:lissa,
  title={Second-order stochastic optimization in linear time},
  author={Agarwal, N. and Bullins, B. and Hazan, E.},
  journal={Journal of Machine Learning Research},
  year={2017}
}

@book{barbe:2012:weighted,
  title={The Weighted Bootstrap},
  author={Barbe, P. and Bertail, P.},
  volume={98},
  year={2012},
  publisher={Springer Science \& Business Media}
}

@inproceedings{maclaurin:2015:autograd,
  title={Autograd: Effortless gradients in numpy},
  author="Maclaurin, D. and Duvenaud, D. and Adams, R.~P.",
  booktitle={International Conference on Machine Learning (ICML) AutoML Workshop},
  year={2015}
}

# Actually 2017
@article{baydin:2015:automatic,
  title={Automatic differentiation in machine learning: a survey.},
  author={Baydin, A. and Pearlmutter, B. and Radul, A. and Siskind, J.},
  journal={Journal of Machine Learning Research},
  volume={18},
  number={153},
  pages={1--153},
  year={2017}
}


@article{cook:1986:assessment,
  title={Assessment of local influence},
  author={D. R. Cook},
  journal={Journal of the Royal Statistical Society. Series B (Methodological)},
  pages={133--169},
  year={1986},
  publisher={JSTOR}
}

@book{amari:2007:geom,
  title={Methods of Information Geometry},
  author={S. Amari and H. Nagaoka},
  volume={191},
  year={2007},
  publisher={American Mathematical Society}
}

@book{shao:2012:jackknife,
  title={The Jackknife and Bootstrap},
  author={J. Shao and D. Tu},
  year={2012},
  publisher={Springer Series in Statistics}
}


@article{shao:1993:jackknifemestimator,
  title={Differentiability of Statistical Functionals and Consistency of the Jackknife},
  author={J. Shao},
  journal={The Annals of Statistics},
  pages={61--75},
  year={1993},
  publisher={JSTOR}
}

@techreport{jaeckel:1972:infinitesimal,
  title={The Infinitesimal Jackknife, Memorandum},
  author={L. Jaeckel},
  year={1972},
  institution={MM 72-1215-11, Bell Lab. Murray Hill, NJ}
}

@book{efron:1982:jackknife,
  title={The Jackknife, the Bootstrap, and Other Resampling Plans},
  author={B. Efron},
  volume={38},
  year={1982},
  publisher={Society for Industrial and Applied Mathematics}
}

@book{efron:1994:bootstrap,
  title={An Introduction to the Bootstrap},
  author={Efron, B. and Tibshirani, R.},
  year={1994},
  publisher={CRC press}
}

@book{hall:2013:bootstrap,
  title={The Bootstrap and {Edgeworth} Expansion},
  author={Hall, P.},
  year={2013},
  publisher={Springer Science \& Business Media}
}

@book{fernholz:1983:mises,
  title={{Von Mises} Calculus for Statistical Functionals},
  author={Fernholz, L.},
  volume={19},
  year={1983},
  publisher={Springer Science \& Business Media}
}


@article{hampel:1974:influence,
  title={The influence curve and its role in robust estimation},
  author={F. R. Hampel},
  journal={Journal of the american statistical association},
  volume={69},
  number={346},
  pages={383--393},
  year={1974},
  publisher={Taylor \& Francis}
}

@incollection{huber:2011:robust,
  title={Robust statistics},
  author={P. J. Huber},
  booktitle={International Encyclopedia of Statistical Science},
  pages={1248--1251},
  year={2011},
  publisher={Springer}
}

@article{wu:1990:asymptotic,
  title={On the asymptotic properties of the jackknife histogram},
  author={C. Wu},
  journal={The Annals of Statistics},
  pages={1438--1452},
  year={1990},
  publisher={JSTOR}
}

#####################

@article{wager:2014:confidence,
  title={Confidence intervals for random forests: The jackknife and the infinitesimal jackknife},
  author={Wager, S. and Hastie, T. and Efron, B.},
  journal={The Journal of Machine Learning Research},
  volume={15},
  number={1},
  pages={1625--1651},
  year={2014},
  publisher={JMLR. org}
}

@article{rosset:2018:fixed,
  title={From Fixed-{X} to Random-{X} Regression: Bias-Variance Decompositions, Covariance Penalties, and Prediction Error Estimation},
  author={Rosset, S. and Tibshirani, R.~J.},
  journal={Journal of the American Statistical Association},
  year  = {2018},
  publisher = {Taylor \& Francis},
}

@article{adamczak:2008:empiricalprocess,
  title={A tail inequality for suprema of unbounded empirical processes with applications to {Markov} chains},
  author={Adamczak, R.},
  journal={Electronic Journal of Probability},
  volume={13},
  pages={1000--1034},
  year={2008},
  publisher={The Institute of Mathematical Statistics and the Bernoulli Society}
}

@article{mendelson:2010:empirical,
  title={Empirical processes with a bounded $\psi$ 1 diameter},
  author={Mendelson, S.},
  journal={Geometric and Functional Analysis},
  volume={20},
  number={4},
  pages={988--1027},
  year={2010},
  publisher={Springer}
}

@inproceedings{beirami:2017:optimalgeneralizability,
  author    = {A. Beirami and
               M. Razaviyayn and
               S. Shahrampour and
               V. Tarokh},
  title     = {On Optimal Generalizability in Parametric Learning},
  booktitle = {Advances in Neural Information Processing Systems (NIPS)},
  pages     = {3458--3468},
  year      = {2017},

}

@inproceedings{koh:2017:blackbox,
author = {P. W. Koh and P. Liang},
title = {Understanding Black-box Predictions via Influence Functions},
booktitle = {International Conference on Machine Learning (ICML)},
year = {2017}
}


# Rad and Maleki, emphasis on dimensionality and mentions bootstrap
@article{rad:2018:scalableloo,
   author = {K. Rad and A. Maleki},
    title = {A Scalable Estimate of the Extra-Sample Prediction Error via Approximate Leave-one-out},
  journal = {arXiv Preprint},
archivePrefix = "arXiv",
   eprint = {1801.10243},
 primaryClass = "stat.ME",
 keywords = {Statistics - Methodology},
     year = 2018,
    month = jan,

}

# Rad and Maleki style
@article{wang_maleki:2018:approximate,
  title={Approximate Leave-one-out for High-Dimensional Non-Differentiable Learning Problems},
  author={Wang, S. and Zhou, W. and Maleki, A. and Lu, H. and Mirrokni, V.},
  journal={arXiv preprint arXiv:1810.02716},
  year={2018}
}


@article{obuchi:2016:cv,
  title={Cross Validation in {LASSO} and its Acceleration},
  author={Obuchi, T. and Kabashima, Y.},
  journal={Journal of Statistical Mechanics: Theory and Experiment},
  volume={2016},
  number={5},
  pages={053304},
  year={2016},
  publisher={IOP Publishing}
}


@article {Huang17,
	author = {M. Huang and J. Wang and E. Torre and H. Dueck and S. Shaffer and
  R. Bonasio and J. Murray and A. Raj and M. Li and N. R. Zhang},
	title = "Gene Expression Recovery For Single Cell {RNA} Sequencing",
	year = {2017},
  publisher = {Cold Spring Harbor Laboratory},
	journal = {bioRxiv}
}

@article{ChatterjeeB05,
author = "S. Chatterjee and A. Bose",
journal = "The Annals of Statistics",
month = "02",
number = "1",
pages = "414--436",
publisher = "The Institute of Mathematical Statistics",
title = "Generalized bootstrap for estimating equations",
volume = "33",
year = "2005"
}

@techreport{ChamandyMNN12,
title = {Estimating Uncertainty for Massive Data Streams},
author  = {N. Chamandy and O. Muralidharan and A. Najmi and S. Naidu},
year  = {2012},
institution = {Google}
}

@misc{autograd,
    title = {autograd},
    author = {D. Maclaurin and D. Duvenaud and M. Johnson},
    year = 2017,
    note = {GitHub repository \url{https://github.com/HIPS/autograd}},
}

@misc{scipy,
  author =    {Jones, E. and Oliphant, T. and Peterson, P. and others},
  title =     {{SciPy}: Open source scientific tools for {Python}},
  year =      {2001},
  url = "http://www.scipy.org/"
}














%%%%%%%%%%%%%%%%%%%%%%%%%%%
% Lit review

@article{stone:1974:cvchoice,
  title={Cross-validatory choice and assessment of statistical predictions},
  author={Stone, M.},
  journal={Journal of the Royal Statistical Society: Series B (Methodological)},
  volume={36},
  number={2},
  pages={111--133},
  year={1974},
  publisher={Wiley Online Library}
}

@article{barnard:1974:cvchoicediscussion,
  title={Discussion of ``{C}ross-validatory choice and assessment of statistical predictions''},
  author={Barnard, G.},
  journal={Journal of the Royal Statistical Society: Series B (Methodological)},
  volume={36},
  number={2},
  pages={133--135},
  year={1974},
  publisher={Wiley Online Library}
}


@article{efron:2004:estimation,
  title={The Estimation of Prediction Error: Covariance Penalties and Cross-Validation},
  author={Efron, B.},
  journal={Journal of the American Statistical Association},
  volume={99},
  number={467},
  pages={619--632},
  year={2004},
  publisher={Taylor \& Francis}
}


# This is the linear bootstrap paper
@inproceedings{schulam:2019:trust,
  title={Can You Trust This Prediction? {A}uditing Pointwise Reliability After Learning},
  author={Schulam, P. and Saria, S.},
  booktitle={The 22nd International Conference on Artificial Intelligence and Statistics},
  pages={1022--1031},
  year={2019}
}

## Higher order
@inproceedings{liu:2014:efficient,
  title={Efficient approximation of cross-validation for kernel methods using Bouligand influence function},
  author={Liu, Y. and Jiang, S. and Liao, S.},
  booktitle={International Conference on Machine Learning},
  pages={324--332},
  year={2014}
}

## Higher order
@article{christmann:2008:bouligand,
  title={Bouligand derivatives and robustness of support vector machines for regression},
  author={Christmann, A. and Messem, A.},
  journal={Journal of Machine Learning Research},
  volume={9},
  number={May},
  pages={915--936},
  year={2008}
}

## Higher order
@article{debruyne:2008:model,
  title={Model Selection in Kernel Based Regression Using the Influence Function},
  author={Debruyne, M. and Hubert, M. and Suykens, J.},
  journal={Journal of Machine Learning Research},
  volume={9},
  number={Oct},
  pages={2377--2400},
  year={2008}
}


@article{wang_maleki:2018:approximate,
  title={Approximate Leave-One-Out for High-Dimensional Non-Differentiable Learning Problems},
  author={Wang, S. and Zhou, W. and Maleki, A. and Lu, H. and Mirrokni, V.},
  journal={arXiv preprint arXiv:1810.02716},
  year={2018}
}


@book{van:2000:asymptotic,
  title={Asymptotic statistics},
  author={Van der Vaart, A.},
  volume={3},
  year={2000},
  publisher={Cambridge university press}
}


@Book{		  zeidler:2013:nonlinearv1,
  title		= {Nonlinear Functional Analysis and its Applications: I:
		  {F}ixed-point Theorems},
  author	= {Zeidler, E.},
  year		= {1986},
  publisher	= {Springer-Verlag New York Inc.}
}


@article{huber:1964:robust,
  title={Robust Estimation of a Location Parameter},
  author={Huber, P.},
  journal={The Annals of Mathematical Statistics},
  pages={73--101},
  year={1964},
  publisher={JSTOR}
}


@Manual{flegal:2020:mcmcse,
  title = {mcmcse: Monte Carlo Standard Errors for MCMC},
  author = {Flegal, F. and Hughes, J. and Vats, D and Dai, N.},
  year = {2020},
  address = {Riverside, CA, Denver, CO, Coventry, UK, and
    Minneapolis, MN},
  note = {R package version 1.4-1},
}



@article{vehtari:2012:bayesianpredictivemodelassessment,
  title={A survey of Bayesian predictive methods for model assessment, selection and comparison},
  author={Vehtari, A. and Ojanen, J.},
  journal={Statistics Surveys},
  volume={6},
  pages={142--228},
  year={2012},
  publisher={Amer. Statist. Assoc., the Bernoulli Soc., the Inst. Math. Statist., and the~…}
}

@article{broderick:2020:automatic,
  title={An Automatic Finite-Sample Robustness Metric: {When} Can Dropping a Little Data Make a Big Difference?},
  author={Broderick, T. and Giordano, R. and Meager, R.},
  journal={arXiv preprint arXiv:2011.14999},
  year={2020}
}
