@book{shenefelt:2013:ifathenb,
  title={If {A}, then {B}: {H}ow the world discovered logic},
  author={Shenefelt, M. and White, H.},
  year={2013},
  publisher={Columbia University Press}
}

@book{hacking:2001:introduction,
  title={An introduction to probability and inductive logic},
  author={Hacking, I.},
  year={2001},
  publisher={Cambridge university press}
}

@book{hacking:2016:logic,
  title={Logic of statistical inference},
  author={Hacking, I.},
  year={2016},
  publisher={Cambridge University Press}
}



@article{popper:1983:impossibilityinductiveprobability,
  title={A proof of the impossibility of inductive probability},
  author={Popper, K. and Miller, D.},
  journal={Nature},
  volume={302},
  number={5910},
  pages={687--688},
  year={1983},
  publisher={Nature Publishing Group}
}


@article{redhead:1985:impossibility,
  title={On the impossibility of inductive probability},
  author={Redhead, M.},
  journal={The British Journal for the Philosophy of Science},
  volume={36},
  number={2},
  pages={185--191},
  year={1985},
  publisher={Oxford University Press}
}


@incollection{carnap:1966:aimofinductivelogic,
  title={The aim of inductive logic},
  author={Carnap, R.},
  booktitle={Studies in Logic and the Foundations of Mathematics},
  volume={44},
  pages={303--318},
  year={1966},
  publisher={Elsevier}
}


@article{popper:1987:probabilistic,
  title={Why probabilistic support is not inductive},
  author={Popper, K. and Miller, D.},
  journal={Philosophical Transactions of the Royal Society of London. Series A, Mathematical and Physical Sciences},
  volume={321},
  number={1562},
  pages={569--591},
  year={1987},
  publisher={The Royal Society London}
}

@article{popper:1963:scienceasfalsification,
  title={Science as falsification},
  author={Popper, K.},
  journal={Conjectures and refutations},
  volume={1},
  number={1963},
  pages={33--39},
  year={1963},
  publisher={Routledge London}
}

@article{levi:1984:impossibility,
  title={The impossibility of inductive probability},
  author={Levi, I. and Jeffrey, R.},
  journal={Nature},
  volume={310},
  number={5976},
  pages={433--433},
  year={1984},
  publisher={Springer}
}

@article{good:1985:inductioninevitable,
  title={Probabilistic induction is inevitable},
  author={Good, I.},
  journal={Journal of Statistical Computation and Simulation},
  volume={20},
  number={4},
  pages={323--324},
  year={1985},
  publisher={Taylor \& Francis}
}


@article{good:1990:suspiciouspoppermiller,
  title={A suspicious feature of the {Popper/Miller} argument},
  author={Good, I.},
  journal={Philosophy of Science},
  volume={57},
  number={3},
  pages={535--536},
  year={1990},
  publisher={Cambridge University Press}
}

@article{levi:1986:probabilisticpettifoggery,
  title={Probabilistic pettifoggery},
  author={Levi, I.},
  journal={Erkenntnis},
  pages={133--140},
  year={1986},
  publisher={JSTOR}
}
